3202 5068
726 389 808 450 VIII
1285 381 1346 446 231

148 562 179 618 15
189 555 266 618 mius
288 555 456 618 incensum
479 553 660 619 calcaribus
690 575 786 638 equm
812 553 929 617 coniun
955 552 979 615 't
1000 572 1082 636 equo
1102 549 1264 632 Quadrati
1286 551 1352 615 lan-

189 661 303 724 ceaque
325 639 444 702 infesta
469 641 596 724 magnis
618 638 741 703 uiribus
768 638 910 702 medium
947 659 1037 700 emur
1058 637 1167 700 traicit
1186 635 1352 700 Voluseni.

188 722 349 787 Praefecto
368 723 545 805 uolnerato,
571 745 636 788 non
659 721 810 786 dubitant
834 723 936 786 nostri
956 721 1104 785 resistere
1130 730 1162 784 et
1189 721 1352 785 conuersis
1383 721 1403 784 6

188 809 275 894 equis
306 807 431 872 hostem
461 807 589 893 pellere.
634 806 732 887 Quod
756 806 814 872 ubi
839 805 972 887 accidit,
1009 803 1179 890 conplures
1210 804 1352 869 hostium
1384 804 1402 868 7

185 914 301 977 magno
330 900 513 956 nostrorum
537 893 661 978 impetu
690 891 831 977 perculsi
859 889 1068 954 uolnerantur
1101 912 1140 954 ac
1173 891 1292 975 partim
1318 891 1352 954 in

142 977 261 1062 20fuga
282 986 497 1062 proteruntur,
513 979 631 1062 partim
647 977 900 1062 intercipiuntur.
927 973 1025 1056 Quod
1046 972 1125 1058 [ubi]
1143 973 1266 1039 malum
1283 974 1353 1038 dux

185 1063 257 1147 equi
274 1061 445 1126 uelocitate
464 1063 613 1127 euitauit:
636 1063 778 1147 grauiter
795 1060 982 1126 uulneratus
1000 1058 1190 1144 praefectus,
1212 1069 1248 1122 ut
1265 1060 1353 1124 uitae

186 1147 363 1231 perieulum
394 1146 540 1212 aditurus
571 1147 751 1227 uideretur,
778 1146 915 1210 refertur
945 1146 980 1209 in
1009 1153 1124 1210 castra.
1185 1142 1351 1209 Commius
1383 1142 1402 1206 8

187 1240 291 1295 autern
310 1233 378 1296 siue
396 1232 527 1317 expiato
547 1255 605 1298 suo
626 1230 737 1296 dolore
753 1231 820 1294 siue
838 1253 958 1316 magna
976 1239 1067 1315 parte
1085 1230 1205 1294 amissa
1220 1251 1352 1294 suorum

185 1315 306 1400 legatos
338 1316 381 1380 ad
402 1315 579 1380 Antonium
610 1317 707 1381 mittit
734 1337 832 1400 seque
862 1325 893 1380 et
918 1316 966 1380 ibi
993 1314 1145 1397 futurum,
1169 1313 1228 1379 ubi
1259 1336 1351 1400 prae-

142 1404 176 1462 25
185 1401 357 1485 scripserit,
386 1409 418 1465 et
439 1423 478 1465 ea
499 1401 668 1482 fantinum,
691 1423 774 1487 quae
796 1401 974 1487 imperarit,
1005 1398 1172 1464 obsidibus
1194 1398 1278 1463 datis
1300 1398 1353 1462 fir-

186 1494 261 1568 mat3
292 1509 393 1550 unum
415 1485 497 1549 illud
519 1497 602 1568 orat,
632 1497 668 1551 ut
688 1486 797 1550 timori
820 1509 877 1551 suo
907 1484 1115 1567 concedatur,
1145 1506 1186 1548 ne
1216 1484 1251 1548 in
1278 1506 1353 1548 con·
1382 1482 1403 1546 9

186 1578 328 1654 spectum
350 1571 458 1634 ueniat
480 1572 670 1656 cuiusquam
692 1572 840 1635 Romani.
886 1569 987 1635 (luins
1009 1569 1261 1655 postulationem
1285 1568 1352 1632 An·

185 1655 289 1719 tonius
322 1677 396 1718 cum
424 1654 582 1720 iudicaret
612 1656 653 1721 ab
686 1657 770 1720 insto
803 1655 894 1720 nasci
919 1655 1043 1738 timore,
1072 1655 1201 1719 ueniam
1233 1655 1353 1739 petenti

186 1739 280 1823 dedit,
303 1738 432 1804 obsides
456 1741 587 1830 accepit.

141 1922 177 1983 30
269 1913 343 1982 Soio
377 1913 548 1982 Caesarem
589 1915 792 2002 singulorum
818 1935 976 1978 annorum
1011 1910 1156 1995 singulos
1194 1930 1353 1973 commen·
1364 1903 1405 1968 10

184 2003 283 2066 tarios
311 2001 500 2085 confecisse3
530 2001 618 2086 quod
646 2023 706 2086 ego
732 2021 798 2064 non
823 1998 1008 2064 existimaui
1034 1995 1115 2059 mihi
1141 2015 1209 2058 csse
1235 1993 1354 2058 facien·

185 2087 274 2167 dum,
300 2095 473 2172 propterea
495 2085 584 2171 quod
604 2087 773 2170 insequens
797 2105 912 2164 annus,
941 2083 978 2146 L.
1000 2078 1103 2144 Paulo
1144 2077 1178 2143 O.
1199 2077 1353 2142 Marcello

185 2170 381 2253 consulibus,
403 2169 509 2235 nullas
531 2170 631 2235 habet
653 2192 773 2254 magno
793 2190 811 2232 o
836 2191 888 2232 ere
912 2165 1041 2231 Galliae
1061 2186 1112 2228 res
1135 2173 1250 2248 gestas.
1291 2162 1353 2226 Ne·
1364 2158 1403 2220 11

185 2257 256 2342 quis
278 2265 388 2320 tamen
410 2257 587 2340 ignoraret,
619 2254 737 2339 quibus
764 2253 799 2316 in
813 2191 903 2317 locis
927 2249 1047 2315 Caesar
1069 2249 1292 2333 exercitusque
1315 2269 1352 2310 eo

140 2344 328 2426 totempore
354 2340 501 2421 fuissent,
531 2361 638 2424 pauca
664 2361 733 2403 esse
760 2335 932 2403 scribenda
959 2332 1247 2418 coniungendaque
1277 2331 1354 2396 huic

185 2426 414 2490 commentario
435 2426 540 2489 statui.

268 2509 516 2573 XXXXVIIII.
539 2507 658 2574 Caesar
675 2509 710 2571 in
731 2506 847 2592 Belgio
871 2529 944 2570 cum
966 2504 1130 2584 hiemaret,
1152 2524 1253 2565 unum
1274 2499 1355 2565 illud
1387 2497 1403 2558 1

183 2596 388 2680 propositum
409 2592 561 2675 habebat,
583 2593 746 2657 continere
767 2594 802 2656 in
824 2591 967 2656 amicitia
984 2589 1141 2670 ciuitates,
1162 2585 1242 2651 nulli
1264 2608 1355 2671 spem

184 2779 225 2835 15.
245 2781 297 2849 eqd
314 2778 343 2832 Β
360 2794 455 2847 equum
473 2776 508 2831 A‘
549 2777 689 2846 coniungit
706 2797 725 2833 α
741 2775 869 2846 iungitss
915 2776 955 2830 16.
974 2775 1112 2842 anagnis
1129 2773 1170 2844 (ac
1187 2771 1292 2840 magnis
1309 2770 1355 2836 A‘)

186 2863 287 2918 uiribus
310 2863 426 2918 medium
444 2863 530 2916 femur
546 2861 639 2916 traloit
665 2861 762 2932 (trahit
779 2860 828 2928 M)
855 2859 984 2916 uoluseni.
1004 2878 1021 2910 α
1047 2857 1162 2912 medium
1190 2857 1277 2912 femur
1299 2855 1355 2910 eins

185 2985 290 3054 magnis
320 2982 423 3037 uiribus
453 2981 553 3038 traicit.
579 2985 599 3055 β
684 2981 724 3036 17.
755 2979 842 3036 electo
869 2978 896 3034 A
989 2978 1126 3032 uolnerato
1151 2975 1178 3030 A
1216 2937 1357 3046 udlnerato

185 3068 221 3124 Μ
241 3069 384 3122 uulnerato
401 3066 430 3121 Β
447 3067 579 3122 conuersis
597 3067 672 3136 equis
693 3086 711 3122 α
728 3065 885 3136 conuersiss
919 3065 960 3120 19.
977 3063 1075 3132 implsu
1092 3061 1121 3116 Β
1137 3062 1230 3130 Inptru
1247 3060 1274 3114 A
1299 3060 1356 3113 uol-

186 3150 607 3209 nerantu1A⁴uulnsranturB
675 3167 706 3206 ae
725 3171 742 3203 α
760 3151 827 3220 etss
894 3150 937 3205 20.
954 3147 1021 3216 fuga
1039 3167 1057 3204 α
1075 3147 1204 3217 lugamfl
1271 3145 1355 3198 iuter·

187 3239 320 3307 alpientnr
337 3235 366 3290 Β
391 3235 461 3305 qnod
483 3235 660 3292 Norua'ceneis
668 3235 744 3302 Quod
762 3235 808 3289 ubi
825 3234 901 3304 (hubi
919 3232 998 3298 M)X
1047 3233 1089 3286 21.
1108 3230 1229 3300 gramter
1245 3230 1301 3300 Α’β
1316 3229 1355 3284 Ae

189 3323 211 3377 si
238 3323 286 3392 (sic
304 3321 362 3376 cod.
381 3320 507 3388 Neruio.)
524 3321 622 3390 proelio
647 3319 761 3375 secundo
791 3319 912 3388 grauiter
938 3316 974 3372 B¹
1000 3318 1159 3372 uulneratus
1184 3316 1240 3387 A‘ss
1264 3315 1298 3369 ab
1326 3329 1356 3368 eo

187 3407 261 3476 (adeo
285 3407 354 3462 cona'.
378 3405 486 3472 thue)
503 3407 661 3460 uulneratus
670 3404 707 3459 B¹
741 3403 784 3461 24.
802 3407 831 3458 et
849 3424 876 3466 α,
895 3408 983 3475 onass
1028 3403 1070 3457 25.
1097 3401 1236 3470 tmpersrit
1263 3399 1358 3454 MB‘T

186 3492 301 3562 imporat
327 3490 354 3545 A
380 3491 495 3560 imparet
525 3489 553 3544 U
575 3488 710 3545 obsidibus
738 3489 809 3543 datis
831 3488 885 3557 Ati
911 3487 1046 3543 obsidibus
1073 3486 1108 3541 B⁴
1161 3487 1203 3543 27.
1230 3485 1311 3540 Cuius
1338 3504 1359 3540 α

188 3575 300 3646 Quamss
317 3575 493 3646 postolatione
510 3575 538 3630 B
558 3575 601 3629 31.
621 3575 785 3630 extertImaui
802 3573 830 3628 B
851 3575 894 3630 32.
907 3575 1048 3644 propterea
1066 3592 1091 3636 α,
1110 3589 1159 3628 om.
1177 3576 1197 3643 β
1229 3571 1259 3625 L.
1269 3569 1361 3624 Aldus

501 3661 586 3702 ticum
919 3657 1011 3700 curuo

187 3719 313 3798 itin
340 3726 485 3797 ,ΗΜ
523 3718 550 3781 i.
606 3725 635 3780 Β
669 3745 701 3781 r.
730 3729 754 3782 r
779 3714 908 3794 {terr
961 3727 984 3783 a.
1036 3724 1073 3789 Β)
1109 3728 1262 3794 aecus
1314 3723 1363 3776 33„

188 3831 353 3898 consulibus]
372 3818 503 3884 conss-M
515 3845 585 3884 cons.
603 3845 631 3884 se
649 3830 677 3883 A
693 3815 845 3883 conce-ssB‘
864 3829 993 3884 concessit
1002 3828 1042 3883 Β2
1059 3831 1104 3882 cos
1122 3832 1142 3899 β
1174 3826 1262 3880 nullas
1278 3823 1363 3878 hab&

188 3931 284 3986 magno
307 3930 384 3984 opere
407 3918 574 3983 (magnopere
598 3913 635 3981 R)
654 3914 754 3984 galliae
771 3931 813 3968 res
833 3917 924 3982 gestas
941 3913 977 3968 B¹
994 3914 1084 3968 nullas
1106 3928 1148 3966 res
1170 3911 1269 3980 galliae
1288 3909 1365 3977 (gal--

189 4051 223 4106 lie
241 4051 289 4117 M)
307 4049 390 4104 habet
408 4065 505 4118 magno
528 4007 730 4120 (magnobodi)
748 4048 880 4119 M)opere
898 4052 989 4120 gestas
1006 4050 1030 4120 (s
1049 4052 1140 4118 gestan
1157 4048 1194 4115 A)
1211 4046 1267 4118 A‘ss
1316 4047 1363 4101 35..

189 4135 303 4190 fuissent
322 4155 340 4190 α
357 4135 453 4188 fuisset
470 4139 489 4204 β
523 4151 580 4190 esse
598 4154 625 4204 α,
643 4151 693 4190 om.
711 4140 737 4206 β.

256 4222 444 4274 XXXXVIIII.
462 4220 487 4274 1.
504 4219 532 4272 in
551 4219 640 4287 belgIo
657 4235 716 4274 cum
733 4239 751 4276 α
767 4235 828 4274 cum
845 4219 874 4274 tn
892 4220 984 4288 belgio
994 4225 1015 4292 β
1047 4219 1115 4274 illud
1124 4218 1161 4272 A‘
1178 4218 1229 4271 illu
1246 4215 1290 4281 B‘,
1308 4230 1363 4270 om.

189 4309 209 4374 β
245 4305 270 4358 2.
288 4305 422 4359 continere
441 4323 459 4359 α
476 4304 629 4358 conttnendi
646 4309 671 4376 β.
