3154 5068
263 395 324 460 140
832 400 879 460 VI

260 566 400 630 Lucium
417 565 596 628 Minucium
618 564 765 630 Basilum
791 565 977 628 cumomni
1003 567 1149 650 equitatu
1174 565 1362 650 praemittit,
1390 569 1431 631 si·

262 650 341 736 quid
367 649 530 715 celeritate
557 651 678 714 itineris
706 658 803 735 atque
833 650 1049 735 oportunitate
1084 651 1238 735 temporis
1273 650 1430 736 proficere

232 735 385 820 bposset3
412 745 528 816 monet,
550 744 586 800 ut
612 735 760 820 ignesin
787 735 901 799 castris
923 734 994 799 fieri
1019 733 1197 820 prohibeat,
1223 757 1334 820 nequa
1360 737 1430 802 eius

262 821 419 885 aduentus
461 819 551 886 rocul
573 820 766 904 significatio
788 819 859 903 fiat3
882 841 951 884 sese
973 819 1143 885 confestim
1166 819 1321 906 subsequi
1343 820 1430 886 dicit.

233 904 250 967 1
345 843 459 968 XXX.J
472 903 611 987 Basilus,
638 914 674 969 ut
695 906 890 991 imperatum
913 914 969 985 est,
993 904 1080 969 facit.
1127 903 1281 970 Celeriter
1303 909 1443 971 contra-'

261 1012 324 1076 que
342 992 486 1055 omnium
504 990 690 1076 opinionem
707 989 854 1054 confecto
872 991 984 1054 itinere
1006 990 1124 1054 multos
1151 992 1185 1053 in
1211 993 1299 1075 agris
1325 992 1428 1077 inopi-

260 1085 373 1140 nantes
392 1075 614 1161 deprehendit:
642 1097 753 1139 eorrun
776 1074 896 1140 indicio
919 1074 1088 1160 adipsum
1110 1074 1337 1161 Ambiorigem
1355 1098 1427 1140 con·

229 1159 370 1242 2tendit,
389 1184 452 1247 quo
470 1162 504 1224 in
521 1159 592 1225 loco
608 1182 682 1224 cum
697 1161 809 1246 paucis
825 1158 987 1246 equitibus
1006 1181 1075 1224 esse
1091 1159 1265 1225 dicebatur.
1288 1159 1427 1225 Multum

258 1268 333 1310 cum
350 1247 384 1310 in
402 1245 552 1311 omnibus
570 1244 676 1327 rebus,
693 1255 762 1309 turn
779 1247 814 1309 in
831 1268 866 1310 re
884 1244 1016 1309 militari
1037 1254 1143 1331 potest
1160 1245 1299 1310 fortuna.
1341 1246 1427 1310 Nam
1457 1259 1474 1319 5

257 1333 340 1397 sicut
362 1353 481 1417 magno
510 1331 628 1396 accidit
649 1353 736 1412 casu,
767 1338 804 1394 ut
830 1330 864 1394 in
886 1331 993 1416 ipsum
1015 1331 1182 1396 incautum
1204 1332 1303 1395 etiam
1330 1341 1427 1417 atque

257 1417 442 1501 inparatum
459 1415 623 1497 incideret,
640 1415 795 1501 priusque
816 1416 885 1480 eius
904 1415 1062 1480 aduentus
1077 1414 1119 1480 ab
1137 1415 1324 1480 hominibus
1338 1416 1426 1481 uide-

258 1509 354 1582 retur,
377 1523 475 1587 quam
502 1500 593 1564 fama
616 1523 654 1566 ac
680 1503 810 1565 nuntius
835 1499 1021 1582 adferretur,
1049 1501 1095 1564 sic
1114 1523 1253 1587 magnae
1280 1501 1342 1564 fuit
1365 1501 1426 1566 for-

258 1595 372 1667 tunae,
404 1587 492 1650 omni
518 1585 652 1651 militari
678 1587 904 1667 instrumento,
940 1585 1029 1670 quod
1061 1587 1184 1650 circum
1210 1608 1244 1650 se
1275 1584 1427 1668 habebat,

259 1692 311 1735 ere
334 1680 380 1752 to,
414 1670 499 1735 redis
526 1673 682 1756 equisque
707 1670 935 1757 conprehensis
970 1671 1077 1756 ipsum
1104 1670 1248 1756 effugere
1283 1681 1426 1736 mortem
1437 1683 1473 1741 10

228 1693 332 1820 3Sed
341 1755 403 1820 hoc
421 1778 552 1841 quoque
569 1756 692 1820 factum
710 1765 767 1838 est,
785 1755 874 1841 quod
892 1754 1039 1820 aedificio
1058 1755 1257 1820 circumdato
1277 1755 1371 1838 silua,
1392 1766 1427 1821 ut

259 1849 332 1904 sunt
354 1840 422 1905 fere
441 1840 606 1906 domicilia
621 1839 800 1923 Gallorum,
823 1841 880 1926 qui
901 1841 1028 1905 uitandi
1046 1850 1153 1905 aestus
1172 1862 1271 1906 causa
1312 1840 1425 1905 lerum·

258 1947 320 2009 que
338 1925 493 1992 siluarum
502 1949 541 1991 ac
549 1925 720 1992 fluminum
728 1936 842 2011 petunt
850 1925 1118 2012 propinquitates,
1136 1927 1269 1990 comites
1287 1865 1426 1992 lamilia·

256 2032 373 2095 resque
399 2013 468 2076 eius
496 2035 537 2076 an
563 2021 633 2076 usto
655 2014 689 2076 in
711 2010 783 2076 loco
806 2010 972 2096 paulisper
994 2011 1141 2096 equitum
1158 2020 1341 2076 nostrorum
1360 2015 1427 2086 uim

226 2093 482 2162 Asustinuerunt.
560 2099 587 2162 is
605 2096 825 2182 pugnantibus
847 2095 940 2160 illum
957 2097 993 2160 in
1010 2118 1130 2182 equum
1169 2095 1283 2160 uidam
1301 2119 1344 2160 ex
1360 2098 1425 2162 suis
1437 2107 1471 2164 15

255 2181 379 2246 intulit:
402 2182 580 2268 fugientem
603 2181 706 2247 siluae
728 2191 884 2247 texerimt.
929 2180 984 2246 Sic
1001 2191 1033 2245 et
1050 2180 1094 2246 ad
1116 2118 1321 2246 subeundum
1343 2184 1426 2267 peri·

255 2265 363 2331 culum
382 2276 413 2332 et
431 2267 474 2332 ad
491 2267 662 2332 uitandum
680 2264 818 2332 multum
836 2266 966 2331 fortuna
982 2265 1094 2330 ualuit.

227 2349 244 2412 1
339 2352 466 2416 XXXI.
500 2351 677 2416 Ambiorix
703 2352 814 2438 copias
842 2374 917 2416 suas
947 2351 1109 2417 iudicione
1134 2374 1200 2416 non
1221 2351 1423 2434 conduxerit,

255 2436 342 2520 quod
363 2436 487 2522 proelio
507 2437 727 2503 dimicandum
744 2460 810 2501 non
824 2438 1025 2520 existimarit,
1048 2460 1090 2501 an
1107 2446 1173 2501 tem
1198 2459 1253 2502 ore
1271 2437 1422 2502 exclusus

255 2530 286 2584 et
306 2522 473 2607 repentino
496 2523 642 2608 equitum
668 2522 811 2588 aduentu
832 2520 1028 2608 prohibitus,
1050 2545 1125 2586 curn
1147 2459 1309 2622 reiiquum
1331 2545 1420 2588 exer-

224 2603 354 2670 2citum
377 2605 531 2693 subsequi
552 2607 709 2689 crederet,
733 2607 869 2673 dubium
896 2617 955 2672 est.
999 2606 1065 2672 Sed
1091 2617 1176 2672 certe
1199 2606 1341 2672 dimissis
1363 2631 1421 2707 per

254 2713 351 2775 agros
368 2692 490 2756 nuntiis
509 2691 573 2758 sibi
596 2714 757 2793 quemque
779 2690 945 2758 consulere
966 2692 1067 2757 iussit
1112 2691 1260 2773 Quorum
1286 2715 1364 2778 pars
1387 2716 1420 2757 1n
1449 2702 1466 2759 5
1565 2735 1566 2766 2

224 2772 463 2842 3Arduennam
485 2777 610 2860 siluam,
634 2801 713 2864 pars
735 2802 769 2842 1n
791 2779 982 2843 continentis
1008 2777 1143 2864 paludes
1172 2778 1335 2864 profugit,
1366 2779 1420 2864 qui

252 2864 406 2946 proxumi
428 2862 561 2928 Oceano
584 2862 729 2945 fuerunt,
755 2863 790 2927 hi
816 2862 929 2928 insulis
952 2885 1021 2928 sese
1053 2862 1308 2944 occultauerunt,
1339 2885 1419 2962 quas

223 2943 360 3011 4aestus
392 2947 519 3013 efficere
549 2957 758 3032 consuerunt3
793 2947 887 3013 multi
917 2970 960 3013 ex
991 2949 1057 3014 suis
1087 2947 1207 3014 finibus
1234 2970 1357 3033 egressr
1388 2971 1420 3013 se

223 3029 377 3117 bsuaque
389 3033 498 3097 omnia
509 3033 713 3098 alienissimis
730 3032 942 3097 crediderunt.
972 3032 1167 3098 Catuuolcus
1185 3055 1245 3098 rex
1265 3033 1419 3098 dimidiae

251 3119 353 3201 partis
374 3116 580 3200 Eburonum,
608 3119 664 3204 qui
690 3141 755 3183 una
782 3140 857 3182 cum
878 3117 1072 3204 Ambiorige
1103 3117 1273 3182 consilium
1295 3119 1420 3200 inierat,
1429 3127 1465 3186 10

252 3268 292 3322 16.
311 3269 456 3325 minucium
473 3245 535 3324 ΜΒ
551 3270 704 3326 minutiuA
721 3269 842 3324 manicis
854 3269 882 3324 U
894 3269 1012 3324 munitiu
1032 3271 1065 3340 Q
1088 3269 1214 3325 basilium
1232 3269 1264 3324 X
1279 3271 1420 3340 aequitatu

251 3351 359 3420 pmiuir
375 3353 402 3407 A
437 3356 478 3411 18.
495 3355 614 3424 phibead
631 3354 666 3408 A.

319 3473 403 3527 xxx.
423 3475 447 3531 1.
466 3435 603 3542 aalma
620 3473 647 3528 A
664 3474 781 3528 Basilius
800 3477 857 3528 aa
902 3473 1025 3544 caresta
1042 3475 1070 3528 A
1112 3473 1136 3527 4.
1156 3472 1315 3528 dicebantur
1332 3474 1359 3529 A
1393 3475 1418 3530 a

251 3555 322 3610 sicut
340 3556 408 3612 Rob.
428 3557 557 3612 Estieuae
578 3574 612 3614 ac
632 3564 761 3628 quattuor
778 3558 934 3622 recentibus,
951 3574 1001 3613 om.
1021 3560 1063 3613 X·
1086 3560 1109 3614 7.
1132 3558 1259 3628 primusq.
1276 3559 1303 3612 A
1338 3559 1420 3614 honri·

252 3641 331 3695 nibus
349 3641 386 3696 B‘
421 3642 542 3698 omnibus
559 3643 616 3716 A‘ss
662 3643 687 3698 8.
704 3643 816 3698 nuntius
833 3641 977 3711 (nunotM)
996 3663 1015 3700 α
1031 3643 1144 3698 nuntius
1160 3642 1332 3716 masuras
1379 3644 1419 3699 10.

252 3725 323 3782 redis
340 3725 379 3783 M
396 3727 486 3782 rhedis
503 3727 551 3802 Ap
565 3728 674 3784 rhaedis
690 3727 726 3784 B*
745 3729 787 3782 11.
804 3744 907 3798 quoque
926 3748 953 3796 u,
971 3744 1021 3783 orn.
1038 3731 1059 3800 β
1075 3729 1116 3783 12.
1134 3727 1206 3784 ferae
1223 3728 1252 3785 B
1286 3728 1421 3784 domicilia

508 3809 521 3838 fl

252 3865 271 3901 α
289 3845 392 3917 edificia
411 3847 525 3920 (qdificio
545 3847 582 3917 T)
599 3852 620 3920 β
651 3846 765 3903 uitanda
781 3846 808 3901 A
843 3847 883 3902 13.
902 3862 933 3901 ac
951 3848 1013 3915 (hac
1021 3846 1081 3918 M1)
1098 3847 1154 3920 A‘ss
1168 3849 1252 3918 atque
1261 3847 1298 3904 B¹
1321 3850 1361 3904 16.
1380 3849 1419 3903 iu-

253 3931 319 3986 tulit
337 3952 355 3988 u
372 3931 520 4005 impulitss
552 3933 728 3988 17.mu1tum
747 3952 765 3988 α
781 3930 932 3987 tumultum
949 3937 975 4004 β,
1353 3979 1366 4010 0

318 4019 417 4072 XXXI.
437 4019 462 4074 1.
471 4017 643 4072 conduxerint
661 4017 688 4072 A
713 4019 738 4072 2.
755 4016 848 4088 plioA
864 4017 1020 4086 aequitum
1038 4038 1056 4074 α
1074 4018 1210 4088 equitetus
1228 4025 1246 4088 β
1267 4013 1377 4090 bagms
1392 4019 1421 4074 B

251 4101 275 4155 6.
292 4102 454 4157 continentis
476 4101 503 4156 U
518 4104 687 4158 continentes
706 4103 753 4160 uT
784 4105 808 4158 7.
826 4102 919 4172 promi
936 4102 1046 4172 rpxaA)
1063 4103 1098 4158 A‘
1112 4103 1196 4173 primi
1212 4103 1241 4160 B
1257 4104 1321 4160 hinc
1337 4106 1420 4176 primi

250 4189 271 4255 β
312 4184 341 4238 hi
360 4206 378 4243 α
396 4185 476 4259 hirst
507 4188 605 4242 insulis
621 4187 669 4261 Αβ
692 4187 720 4242 in
738 4188 833 4242 insulis
850 4186 889 4244 M
900 4187 1009 4243 insiluis
1025 4188 1061 4243 B‘
1096 4190 1120 4244 8.
1139 4189 1299 4244 consuerunt
1318 4210 1336 4246 α
1360 4206 1419 4246 con·

251 4307 396 4360 suaserunt
413 4309 434 4378 β
466 4307 490 4361 9.
508 4305 669 4362 Catuuolcus
687 4306 767 4374 (Catu
785 4267 875 4377 coldus
893 4306 938 4375 M)
956 4327 975 4364 α
992 4307 1149 4364 Catouolcus
1166 4314 1191 4380 β.
