3178 5070
257 384 298 450 58
817 393 868 452 III

257 555 435 640 inpeditam
457 566 591 641 propter
608 557 809 621 inscientiam
833 555 978 621 locorum
996 561 1259 644 paucitatemque
1277 568 1441 644 portuum
1576 621 1577 636 ἶ

227 639 416 723 bsciebant,
445 662 550 726 neque
580 651 707 706 nostros
739 643 898 706 exercitus
932 654 1065 728 propter
1101 643 1255 708 frumenti
1285 645 1440 729 inopiam
1454 651 1496 707 15
1576 657 1577 702 ἐ

228 725 377 790 bdiutius
409 725 497 811 apud
520 747 554 790 sc
578 727 699 791 morari
731 749 826 812 posse
853 727 1072 812 confidebant3
1104 751 1142 792 ac
1163 731 1229 793 iam
1260 739 1297 793 ut
1319 731 1436 793 omnia
1576 735 1577 742 ’

257 820 369 875 contra
392 813 576 896 opinionem
592 810 782 894 acciderent,
804 821 912 876 tamen
928 834 961 876 se
975 813 1308 898 plurimumnauibus
1326 835 1438 899 posse,

257 918 397 980 quarum
430 896 594 962 Romanos
640 917 745 980 neque
786 895 887 960 ullam
918 896 1104 963 facultatem
1138 898 1258 964 habere
1298 900 1439 962 nauium

255 1003 361 1066 neque
383 1003 494 1045 eorum
515 981 669 1060 locorum,
691 979 748 1045 ubi
765 980 887 1046 bellum
910 985 1029 1067 gesturi
1052 994 1165 1066 essent,
1187 983 1288 1065 uada,
1310 992 1438 1069 portus,

229 1065 394 1130 linsulsas
416 1068 559 1150 nouisse3
583 1089 621 1130 ac
643 1065 739 1151 longe
758 1066 856 1130 aliam
875 1089 943 1131 esse
964 1069 1206 1218 nauigationem
1224 1071 1258 1132 in
1281 1068 1436 1132 concluso
1450 1077 1495 1136 20
1576 1141 1577 1154 2

256 1153 445 1235 mariatque
459 1153 493 1215 in
510 1153 693 1216 castissimo
713 1161 810 1236 atque
819 1154 1020 1238 apertissimo
1066 1176 1165 1218 ceano
1184 1153 1436 1240 perspiciebant.

227 1235 316 1300 tlHis
332 1236 420 1300 initis
438 1235 578 1301 consiliis
598 1259 616 1301 o
665 1236 720 1300 ida
733 1239 888 1319 muniunt,
909 1237 1071 1302 frumenta
1088 1261 1130 1302 ex
1153 1241 1240 1324 agris
1258 1240 1292 1302 in
1310 1237 1438 1386 oppida

226 1320 458 1406 9conportant,
468 1343 568 1386 naues
582 1323 616 1385 in
649 1324 796 1405 enetiam,
806 1321 863 1386 ubi
873 1321 1044 1387 Caesarem
1052 1325 1193 1408 primum
1205 1323 1297 1407 [esse]
1309 1323 1353 1387 be
1377 1347 1437 1387 um

207 1405 247 1470 10
258 1416 424 1491 gesturum
434 1406 614 1489 constabat,
634 1428 731 1492 quam
748 1405 906 1492 plurimas
923 1418 1067 1492 possunt,
1086 1417 1213 1494 cogunt.
1237 1408 1351 1474 Socios
1371 1408 1437 1474 sibi
1576 1477 1577 1480 ,

258 1491 350 1554 adid
366 1489 489 1555 bellum
500 1490 655 1572 Osismos,
672 1491 845 1573 Lexouios,
854 1492 1041 1575 Namnetes,
1053 1492 1259 1575 Ambiliatos,
1277 1492 1437 1576 Morinos,
1447 1500 1488 1560 25

256 1574 455 1657 Diablintes,
487 1575 656 1661 Menapios
686 1576 881 1660 adsciscunt,
913 1577 1036 1642 auxilia
1062 1600 1104 1642 ex
1129 1579 1313 1661 Britannia,
1351 1601 1437 1663 quae

257 1670 371 1724 contra
393 1683 448 1724 eas
465 1662 613 1745 regiones
634 1663 742 1746 posita
765 1671 820 1743 est,
844 1671 1015 1727 arcessunt.

228 1745 245 1807 1
342 1744 384 1808 X.
401 1745 504 1810 Erant
525 1744 589 1810 hae
607 1745 814 1810 difficultates
836 1745 915 1810 belli
938 1746 1077 1832 gerendi,
1101 1769 1181 1832 quas
1205 1770 1304 1832 supra
1328 1758 1435 1813 osten·

258 1828 379 1911 dimus,
412 1829 467 1894 sed
497 1829 601 1894 multa
628 1829 800 1895 Caesarem
822 1840 931 1896 tamen
962 1831 1004 1896 ad
1025 1830 1061 1895 id
1091 1830 1212 1896 bellum
1238 1833 1436 1898 incitabant:

227 1915 391 1979 2iniuriae
417 1924 614 1979 retentorum
645 1917 789 2000 equitum
815 1916 1052 1998 Romanorum,
1082 1915 1214 1981 rebellio
1247 1917 1336 1982 facta
1358 1928 1438 2003 post

258 1998 469 2082 deditionem,
492 1999 627 2064 defectio
651 1999 735 2064 datis
766 1999 948 2082 obsidibus,
975 2011 1023 2066 tot
1050 2002 1216 2066 ciuitatum
1243 2004 1437 2084 coniuratio,
1576 2079 1577 2086 ἵ

258 2085 414 2170 inprimis,
445 2108 493 2164 ne,
525 2084 588 2148 hac
605 2094 699 2170 parte
721 2085 881 2170 neglecta,
911 2085 1056 2170 reliquae
1077 2088 1224 2150 nationes
1256 2087 1319 2151 sibi
1346 2087 1463 2153 idemb

227 2167 352 2233 illicere
372 2168 612 2234 arbitrarentur.
652 2169 704 2234 lta
727 2192 768 2233 ue
787 2193 860 2234 cum
881 2169 1088 2255 intellegeret·
1101 2193 1211 2235 omnes
1230 2171 1297 2236 fere
1317 2171 1437 2237 Gallos

256 2255 349 2318 nouis
367 2255 465 2319 rebus
484 2254 613 2319 studere
631 2264 662 2318 et
681 2192 727 2318 ai
742 2254 864 2319 bellum
882 2255 1043 2320 mobiliter
1061 2254 1269 2341 celeriterque
1289 2259 1436 2336 excitari,

258 2360 368 2404 omnes
393 2348 501 2403 autern
524 2338 670 2404 homines
696 2350 814 2405 natura
835 2338 977 2404 libertati
1005 2340 1132 2405 studere
1155 2351 1186 2404 et
1206 2341 1436 2407 'condicionem

258 2425 419 2487 seruitutis
439 2423 555 2506 odisse,
578 2425 771 2508 priusquam
790 2424 899 2510 plures
927 2426 1073 2490 ciuitates
1100 2427 1337 2511 conspirarent,
1361 2450 1435 2512 par-

256 2507 401 2572 tiendum
421 2507 483 2572 sibi
507 2531 544 2572 ac
566 2507 662 2572 latius
683 2508 941 2573 distribuendum
964 2511 1140 2574 exercitum
1186 2513 1299 2574 utauit.
1446 2521 1485 2578 10
1576 2519 1577 2586 ἴ

229 2594 244 2654 l
341 2591 401 2656 XI.
436 2592 551 2691 ltaque
582 2592 694 2657 Titum
720 2593 902 2680 Labienum
928 2592 1073 2678 legatum
1101 2597 1138 2658 in
1163 2533 1341 2678 llreueros,
1381 2598 1436 2682 qui
1576 2593 1577 2596 '

227 2677 246 2740 2
279 2678 398 2741 roximi
416 2675 543 2740 flumini
559 2676 673 2741 Rheno
693 2687 774 2759 sunt,
792 2699 865 2741 cum
885 2680 1030 2762 equitatu
1048 2680 1152 2743 mittit.
1183 2680 1271 2743 Huic
1288 2681 1436 2763 mandat,

255 2699 375 2826 liemos
398 2760 605 2847 reliquosque
622 2761 743 2846 Belgas
763 2761 860 2826 adeat
877 2772 975 2847 atque
992 2765 1025 2827 in
1044 2763 1150 2828 officio
1170 2767 1335 2830 contineat
1354 2765 1435 2851 Ger-

256 2931 297 2984 14.
315 2931 446 2999 impedita
464 2930 490 2984 A
508 2930 655 2998 inpeditam
672 2929 701 2983 Β
718 2929 820 2998 ipedita
838 2929 875 2984 M
904 2930 1072 2984 instientiam
1089 2931 1118 2984 Β
1134 2931 1292 3002 locoriq:A
1331 2935 1373 2991 17.
1391 2951 1436 2988 ec-

255 3014 374 3070 ciderent
400 3015 438 3070 M
469 3015 619 3069 acciderant
645 3014 708 3069 ΑΒ
743 3014 895 3070 accederent
922 3019 942 3086 β
991 3031 1066 3082 posse
1097 3031 1208 3085 quarum
1236 3017 1332 3072 Tittler
1360 3034 1437 3086 posse

255 3166 335 3219 quam
355 3149 386 3202 X
437 3150 477 3203 18.
497 3148 592 3216 ullam]
611 3164 659 3203 om.
678 3149 715 3202 A¹
749 3150 870 3216 nauium]
889 3147 939 3202 del.
958 3149 1052 3203 Tittler
1105 3152 1144 3204 19.
1164 3113 1230 3206 essil
1247 3153 1274 3206 A
1327 3154 1371 3208 20.
1391 3169 1437 3208 no·

257 3235 330 3288 uisse
349 3254 367 3289 α
385 3250 461 3287 nosse
471 3239 491 3306 ,e
523 3235 604 3288 atu
622 3235 775 3288 castissimo
793 3236 873 3302 atquc
892 3234 1060 3300 apertissimo
1077 3233 1113 3287 Β
1131 3235 1159 3288 in
1178 3237 1335 3292 castissimo
1352 3239 1390 3292 A‘
1407 3241 1437 3292 in

256 3319 466 3390 apertissimos
498 3317 694 3387 perspiciebant
713 3338 731 3374 α
748 3317 963 3386 τθερίοἱθὺηηῐβ
997 3319 1037 3373 23,
1057 3334 1114 3373 esse
1133 3341 1160 3384 α,
1178 3327 1267 3394 oras
1301 3323 1345 3378 24.
1365 3324 1436 3378 Con-

255 3402 369 3472 stabant
395 3402 424 3457 B
468 3419 547 3472 quam
577 3403 706 3472 plurimas
732 3402 841 3458 A‘UB‘2
868 3400 955 3472 quam)
983 3403 1109 3472 plurimas
1143 3406 1168 3455 T
1189 3407 1373 3475 conplurimas
1400 3408 1437 3463 B‘

1266 3501 1278 3530 θ

257 3539 298 3594 25.
317 3539 427 3592 osismos
454 3499 688 3609 reposuisse
714 3538 837 3592 ossismos
855 3536 883 3591 R
925 3537 1039 3592 lerchios
1056 3537 1121 3592 A‘B
1141 3540 1298 3610 namn&(o)s
1317 3543 1344 3596 A
1380 3559 1437 3597 am-

255 3623 364 3679 biliatos
383 3643 402 3678 α
420 3623 558 3678 ambianos
576 3622 794 3692 flAmbiuaritos
814 3621 927 3676 Orosius
969 3623 1011 3678 26.
1029 3620 1173 3677 diablintes
1195 3623 1222 3677 U
1238 3625 1393 3682 diablindes
1417 3630 1442 3681 Τ

255 3709 416 3774 diablintres
435 3727 453 3763 u
471 3707 622 3761 auxilia-
639 3707 785 3775 arcessunt]
804 3721 853 3760 ora.
872 3710 893 3776 β
927 3705 1056 3760 brittania
1073 3706 1108 3760 Β.

322 3797 356 3849 X.
375 3795 399 3849 1.
418 3791 469 3847 bae
486 3791 522 3845 A‘
548 3789 612 3845 heac
639 3790 676 3846 B‘
693 3791 726 3860 hc
755 3793 780 3842 T
803 3791 836 3844 he
858 3789 886 3845 U
933 3791 957 3844 2.
975 3791 1062 3845 multa
1080 3807 1215 3846 caesarem
1239 3793 1372 3863 (cesarem
1389 3797 1437 3867 M)

253 3881 345 3933 tamen
366 3897 384 3929 α
410 3879 502 3930 tamen
529 3877 615 3930 multa
641 3891 774 3929 caesarem
800 3880 820 3946 β
870 3875 896 3929 3.
914 3874 1028 3930 iniuriae
1054 3875 1163 3944 (iniuria
1180 3876 1227 3946 M)
1247 3898 1265 3930 α
1292 3880 1393 3936 iniuria
1420 3888 1440 3954 β

253 3969 278 4017 4.
297 3963 442 4016 ciuitatum
461 3982 479 4018 α
498 3960 596 4014 ciuium
614 3965 634 4031 β
676 3960 701 4012 8.
721 3959 842 4013 libertati
860 3957 966 4013 studere
987 3979 1005 4014 α
1022 3959 1157 4014 libertatis
1186 3951 1308 4018 studiose
1326 3966 1439 4021 incitari

254 4053 273 4118 β
306 4035 485 4101 conditionem
503 4044 564 4099 AB.
629 4103 630 4106 Ἴ

322 4133 369 4184 XI.
388 4131 412 4186 1.
431 4131 549 4183 tre'ueros
567 4128 596 4183 Β
629 4128 653 4182 2.
673 4127 788 4196 flumini]
808 4131 896 4196 emp
928 4127 1010 4180 rheno
1028 4127 1117 4200 ΜΒβ
1132 4129 1214 4185 rheno
1231 4131 1258 4184 A
1294 4136 1439 4204 aequitate

253 4214 282 4268 Β
316 4216 341 4268 3.
359 4213 557 4283 Germanosque
575 4213 621 4282 qui
640 4211 750 4279 auxilio]
770 4211 1081 4280 germanosqrsaetgas
1098 4214 1214 4269 adeatet
1231 4216 1262 4269 ire
1270 4233 1376 4288 morp:
1393 4222 1440 4290 qui

253 4300 350 4354 auxilio
368 4300 401 4352 A.
