3154 5068
263 412 326 482 132
342 475 345 481 .
827 415 874 476 VI

231 581 331 647 8Hos
354 581 402 647 illi
421 582 592 669 diligenter
607 579 796 645 tuebantur:
814 580 861 644 ita
878 590 910 646 et
926 603 1048 645 nouam
1065 589 1244 665 strepente
1262 579 1431 645 collectam

230 667 489 734 9auotoritatem
514 666 675 732 tenebant.
718 665 768 730 Eo
795 675 866 730 tum
884 673 970 730 statu
991 687 1042 729 res
1067 673 1143 747 erat,
1169 675 1206 728 ut
1227 663 1325 750 longe
1343 667 1431 751 prin-

261 755 349 854 cipes
376 751 572 818 haberentur
588 751 708 833 Aedui,
731 751 908 816 secundum
930 749 1038 815 locum
1061 749 1229 834 dignitatis
1251 750 1346 814 Remi
1374 773 1429 837 op·
1444 761 1482 819 25

231 847 440 988 innerllllll.
465 921 505 986 In
532 923 620 985 omni
647 920 756 986 Gallia
783 943 895 986 eorum
921 920 1105 1001 hominum,
1136 922 1192 1006 qui
1217 920 1326 1006 ahquo
1356 931 1431 984 sunt

258 1029 392 1072 numero
421 1016 518 1092 atque
544 1006 678 1088 honore,
712 1028 830 1092 genera
855 1014 928 1070 sunt
959 1005 1032 1072 duo.
1075 1005 1161 1070 Nam
1210 1005 1299 1070 lebes
1326 1027 1431 1154 quone

259 1114 426 1158 seruorum
444 1092 583 1157 habetur
599 1091 681 1173 loco,
700 1113 784 1177 quae
800 1090 881 1158 nihil
899 1090 996 1155 audet
1013 1113 1072 1176 per
1089 1112 1131 1173 se,
1149 1113 1172 1153 n
1218 1112 1237 1154 o
1257 1089 1334 1154 adhr
1359 1100 1431 1155 etur

228 1175 404 1242 2consilio.
431 1177 592 1262 Plerique,
617 1199 691 1241 cum
710 1185 766 1241 aut
784 1198 857 1241 aere
879 1175 983 1240 alieno
1007 1184 1063 1240 aut
1085 1174 1310 1261 magnitudine
1327 1176 1429 1240 tribu-

258 1272 365 1327 torum
393 1272 449 1327 aut
474 1263 594 1326 iniuria
618 1263 836 1348 potentiorum
861 1269 1059 1348 premuntur,
1085 1281 1154 1324 sese
1180 1261 1214 1324 in
1241 1261 1429 1325 seruitutem
1461 1274 1478 1331 5

228 1345 369 1413 ddicant
385 1347 560 1430 nobilibus,
587 1349 699 1431 quibus
725 1349 759 1411 in
786 1346 845 1410 hos
868 1345 982 1410 eadem
1005 1346 1114 1410 omnia
1141 1355 1215 1409 sunt
1240 1347 1322 1426 iura,
1344 1367 1429 1431 quae

258 1432 396 1498 dominis
419 1435 454 1496 in
477 1455 595 1496 seruos.
639 1431 704 1498 Sed
734 1431 775 1495 de
796 1431 846 1496 his
875 1431 1001 1496 duobus
1029 1429 1200 1516 generibus
1224 1429 1363 1494 alterum
1381 1440 1429 1494 est

226 1517 419 1599 4dr11idum,
443 1517 580 1582 alterum
598 1519 750 1603 equitum.
794 1516 848 1580 Illi
868 1516 965 1580 rebus
990 1514 1108 1580 diuinis
1135 1516 1301 1597 intersunt,
1330 1517 1428 1580 sacri-

255 1601 333 1666 ficia
350 1600 484 1688 publica
506 1625 545 1666 ec
585 1603 692 1668 riuata
709 1611 892 1689 procurant,
910 1601 1082 1686 religiones
1104 1602 1367 1686 interpretantrn:
1386 1601 1429 1666 ad

255 1686 316 1751 hos
334 1709 472 1771 magnus
492 1687 534 1752 ad
570 1689 744 1752 essentium
760 1709 913 1752 numerus
932 1686 1012 1750 disci
1036 1685 1121 1750 linae
1139 1707 1238 1750 causa
1256 1688 1429 1768 concurrit,
1440 1696 1479 1755 10

224 1770 441 1859 bmagnoque
467 1773 501 1836 hi
532 1782 605 1837 sunt
631 1772 719 1859 apud
742 1795 796 1837 eos
828 1773 957 1837 honore.
999 1709 1086 1836 llam
1116 1770 1183 1834 fere
1208 1769 1248 1834 de
1275 1770 1427 1836 omnibus

256 1857 483 1922 controuersiis
501 1856 641 1943 publicis
659 1859 860 1944 priuatisque
882 1857 1088 1937 constituunt,
1114 1865 1146 1920 et
1168 1855 1286 1941 siquod
1304 1865 1353 1920 est
1370 1856 1426 1920 ad-

255 1942 391 2007 missum
409 1943 544 2024 facinus,
563 1945 591 2007 si
609 1943 722 2008 caedes
740 1943 835 2025 facta,
854 1945 882 2007 si
900 1942 940 2007 de
955 1941 1141 2023 hereditate,
1160 1940 1202 2005 de
1214 1940 1335 2005 finibus
1352 1963 1425 2005 con-

226 2024 414 2092 6trouersia
436 2037 492 2109 est,
514 2027 600 2093 idem
624 2027 811 2110 decernunt,
837 2029 984 2114 praemia
1004 2047 1191 2112 poenasque
1213 2028 1425 2110 constituunt3

256 2112 342 2198 siqui
361 2123 416 2177 aut
460 2115 584 2178 riuatus
608 2123 663 2178 aut
679 2113 819 2200 populus
843 2135 953 2178 eorum
973 2112 1100 2176 decreto
1119 2134 1187 2176 non
1210 2112 1307 2193 stetit,
1329 2113 1426 2176 sacri·
1439 2123 1473 2181 15

218 2196 243 2258 ’7
254 2196 336 2262 ficiis
355 2136 557 2262 interdicunt.
582 2199 675 2264 Haec
692 2221 797 2284 poena
815 2197 904 2285 apud
922 2220 975 2262 eos
994 2207 1042 2262 est
1060 2197 1263 2283 grauissima.
1296 2195 1425 2277 Quibus

253 2284 300 2347 ita
322 2293 370 2348 est
393 2283 608 2366 interdictum,
633 2284 674 2348 hi
694 2306 826 2348 numero
854 2285 1028 2368 impiorum
1051 2304 1090 2346 ac
1117 2280 1346 2346 sceleratorum
1368 2280 1425 2346 ha-

252 2366 383 2450 bentur,
418 2369 468 2433 his
496 2390 605 2434 omnes
629 2368 786 2434 decedunt
792 2419 810 2451 „
825 2368 950 2448 aditum
976 2389 1221 2452 sermonemque
1245 2365 1425 2451 defugiunt,

252 2452 373 2537 nequid
391 2475 433 2517 ex
451 2455 643 2539 contagione
665 2453 863 2519 incommodi
889 2453 1060 2540 accipiant,
1082 2474 1186 2538 neque
1212 2451 1263 2516 his
1288 2453 1424 2537 petenti-

133 2561 134 2564 *
224 2535 314 2600 8bus
337 2537 387 2601 ius
404 2537 550 2602 redditur
567 2561 672 2625 nequa
694 2539 796 2605 honos
819 2538 903 2603 ullus
923 2539 1186 2603 communicatur.
1229 2536 1291 2601 His
1315 2546 1475 2606 autem20

254 2621 404 2687 omnibus
430 2622 601 2688 druidibus
626 2634 754 2710 praeest
774 2646 868 2706 unus,
891 2625 947 2709 qui
969 2619 1129 2688 sumniam
1146 2625 1301 2687 intereos
1324 2621 1425 2686 habet

223 2705 487 2772 tauctoritatem.
503 2759 504 2762 η
526 2708 600 2775 Hoc
618 2713 743 2774 mortuo
763 2718 827 2792 aut,
846 2710 932 2794 siqui
950 2731 992 2772 ex
1013 2707 1147 2794 reliquis
1166 2707 1296 2772 excellit
1319 2706 1424 2792 digni-

252 2801 328 2875 tate,
351 2792 505 2875 succedit,
524 2804 587 2876 aut,
610 2797 637 2858 si
656 2803 729 2859 sunt
742 2794 850 2881 plures
867 2816 971 2880 pares,
990 2793 1147 2879 suffragio
1167 2791 1328 2873 druidum,
1344 2813 1425 2856 non-

201 2875 243 2940 10
251 2899 431 2962 numquam
449 2880 547 2943 etiam
562 2881 660 2944 armis
679 2879 720 2944 de
736 2881 920 2966 principatu
938 2878 1141 2944 contendunt.
1176 2877 1223 2941 Hi
1241 2886 1326 2942 certo
1347 2878 1426 2940 anni

251 2971 398 3048 tempore
421 2963 592 3028 infinibus
611 2963 799 3047 Carnutum,
821 2965 1016 3051 quaeregio
1043 2966 1140 3029 totius
1157 2962 1288 3028 Galliae
1314 2961 1425 3026 media
1436 2973 1475 3031 25

251 3249 293 3302 24.
313 3253 389 3304 erant
406 3251 583 3318 (eratM)A⁴
617 3253 758 3322 principes]
778 3251 850 3321 prius
868 3251 937 3322 Ape.
972 3251 1015 3314 25.
1034 3249 1195 3305 haberentur
1214 3249 1314 3303 haedui
1332 3249 1423 3313 (hedui

251 3333 298 3402 A¹)
315 3353 333 3389 α
356 3334 452 3390 heedui
470 3336 560 3403 (hedui
582 3338 620 3404 U)
637 3336 800 3392 haberentur
817 3343 839 3410 β
870 3337 1021 3406 optinerent
1039 3335 1073 3389 A‘
1092 3333 1246 3391 obtinerent
1264 3340 1321 3390 cett.

322 3422 395 3474 XHI.
415 3422 438 3475 1.
448 3423 536 3492 aliquo
556 3443 574 3479 α
591 3424 619 3478 in
636 3423 725 3492 aliquo
742 3428 762 3494 β
788 3425 811 3478 2.
823 3438 890 3491 pene
907 3422 944 3476 A‘
969 3422 995 3476 3.
1005 3421 1074 3475 nihil
1092 3420 1185 3484 (nichil
1203 3419 1246 3484 M)
1264 3419 1346 3474 audet
1364 3419 1421 3488 (aut

252 3503 275 3557 dr
293 3504 320 3557 A
338 3503 420 3558 habet
438 3505 484 3573 Rq
502 3523 549 3576 per
557 3525 585 3562 se
605 3529 622 3560 α
640 3525 686 3578 per
704 3525 732 3562 se
750 3507 820 3561 nihil
837 3507 920 3562 audet
937 3511 957 3577 β
973 3505 1047 3560 nullo
1065 3525 1084 3561 α
1101 3505 1170 3558 nulli
1187 3510 1207 3578 β
1222 3505 1365 3559 adhibetur
1390 3500 1428 3558 li

250 3587 318 3668 B'T
331 3589 406 3643 bdur
421 3592 448 3645 A
473 3592 498 3647 4.
508 3593 616 3655 consilio
635 3612 653 3649 α
670 3592 779 3648 concilio
797 3598 818 3665 β
833 3608 894 3646 euru
911 3595 959 3646 aut
973 3611 995 3654 ,α
1013 3607 1073 3646 eum
1082 3596 1102 3659 β
1121 3593 1147 3646 5.
1158 3589 1250 3646 sesain
1262 3589 1421 3644 seruitutem

252 3694 271 3729 α
288 3675 317 3728 in
327 3675 488 3740 seruitutem
506 3683 600 3750 sesest
632 3679 657 3733 6.
675 3677 818 3747 nobilibus]
836 3677 977 3744 nobilibus,
995 3676 1093 3746 quibus
1109 3675 1210 3732 Denter
1246 3675 1286 3728 l'l.
1306 3674 1358 3730 tere
1376 3675 1422 3744 de]
1514 3723 1517 3728 .

251 3759 380 3826 fere(u)de
398 3760 433 3824 A„
476 3763 517 3818 12.
536 3762 681 3818 admissum
703 3763 806 3818 facinus
830 3783 848 3818 α
871 3763 974 3818 facinus
998 3761 1144 3816 admissum
1162 3767 1212 3834 βψ
1234 3761 1273 3816 13.
1292 3760 1368 3814 cedes
1386 3761 1423 3813 A‘

254 3843 295 3898 14.
314 3843 462 3910 decernunt
475 3849 501 3902 Τ
514 3846 668 3903 discernunt
686 3848 736 3912 uU
765 3847 838 3918 simia
855 3849 1000 3917 penasq.A
1035 3847 1077 3902 15.
1096 3846 1224 3916 SiquiaA
1241 3844 1334 3915 Siquid
1344 3843 1422 3916 Mpr.

252 3927 375 3994 iduatus
393 3950 412 3986 α
428 3931 567 4005 priuatis
592 3935 674 4002 popu
690 3934 716 3988 A
751 3934 793 3998 re.
811 3933 914 4004 palan
950 3934 991 3987 17.
1009 3933 1049 3986 rea
1068 3952 1094 3996 a,
1113 3947 1164 3987 om.
1183 3938 1203 4005 ,e
1235 3930 1328 4001 urna
1344 3929 1419 3984 uun

252 4011 362 4082 hii(s)b
405 4017 447 4072 18.
466 4015 509 4078 his
527 4037 545 4073 α
563 4017 597 4079 ab
614 4017 694 4093 hisfl
726 4019 828 4074 aditum
849 4039 867 4074 α
884 4018 989 4073 aditum
1008 4023 1136 4090 eorumfl
1179 4018 1219 4072 19.
1237 4016 1426 4086 contagioness

252 4143 420 4216 cogitatione
436 4153 611 4222 (cogitaciene
630 4154 677 4224 M)
694 4175 712 4211 α
737 4155 780 4209 his
797 4155 881 4228 AB‘e
907 4112 947 4208 bs
965 4153 1001 4209 M
1033 4154 1075 4208 20.
1092 4145 1161 4206 ¹orrtrs'
1174 4152 1202 4206 A
1237 4152 1287 4206 His
1305 4152 1342 4208 B'
1359 4151 1421 4205 Hiis
1502 4139 1505 4145 ’

252 4235 289 4288 A‘
341 4234 382 4300 21.-
404 4240 437 4306 ῇέ
455 4240 491 4293 A‘
543 4240 585 4298 23.
603 4240 692 4309 plures
709 4256 786 4308 pares
805 4261 823 4296 α
840 4256 917 4309 pares
935 4240 1059 4309 pluresfl
1110 4236 1233 4291 druidum
1252 4257 1271 4293 α
1298 4235 1424 4306 druidum

254 4319 372 4386 (driuidu
395 4325 440 4394 T1)
459 4325 596 4394 adlegitur
613 4329 633 4394 β
665 4326 707 4387 24.
726 4325 789 4380 anni
807 4328 927 4395 tempora
946 4344 964 4380 α
981 4327 1100 4392 ternpore
1119 4323 1182 4377 anni
1200 4327 1226 4397 β.
1286 4383 1291 4391 ,
