3154 5068
196 395 319 472 ,142
449 410 452 420 '
813 402 861 462 Vl

257 567 434 650 confirmat,
457 590 556 654 quam
579 566 622 631 ad
643 567 728 631 diem
755 568 785 632 ei
816 566 846 630 le
870 566 950 648 ioni,
978 567 1118 650 quaein
1143 562 1306 651 praesidio
1329 562 1426 628 rolin·

226 649 425 738 bquebatur,
441 653 552 718 deberi
570 651 765 716 frumentum
783 589 914 717 sciebat.
957 649 1140 715 Labienum
1159 648 1426 736 Treboniumque
1438 654 1476 712 10

216 771 218 774 ·
256 739 413 820 hortatur,
436 741 463 804 si
485 736 685 824 reipublicae
707 736 877 802 commodo
901 735 1009 800 faeere
1026 736 1160 821 possint,
1179 733 1221 798 ad
1243 757 1319 799 eum
1338 733 1427 798 diem

256 833 475 905 reuertuntur,
514 833 551 887 ut
590 844 701 886 rursus
740 822 977 887 communicato
1018 819 1151 885 oonsilio
1182 818 1426 906 exploratisque

257 909 399 973 hostium
421 907 603 974 rationibus
627 906 717 972 aliud
737 909 865 972 initium
886 905 966 972 belli
984 927 1099 992 capere
1116 913 1257 991 possent.

229 990 246 1053 l
341 993 522 1058 XXXIIII.
557 993 646 1075 Erat,
677 1003 713 1057 ut
744 1015 844 1079 supra
875 991 1177 1071 demonstrauimus,
1198 1011 1314 1054 manus
1337 998 1426 1052 certa

256 1077 355 1160 nulla,
377 1102 442 1144 non
465 1078 633 1164 oppidum,
653 1101 718 1143 non
737 1076 946 1163 praesidium,
965 1076 1052 1161 quod
1067 1098 1101 1140 se
1116 1075 1215 1140 armis
1233 1073 1425 1156 defenderet,

227 1159 315 1228 2sed
335 1165 369 1228 in
392 1165 495 1229 omnis
518 1165 621 1250 partis
645 1163 791 1250 dispersa
813 1162 993 1226 multitudo
1028 1161 1096 1226 Vbi
1114 1161 1231 1246 cuique
1250 1168 1306 1224 aut
1321 1158 1424 1224 ualles

259 1247 374 1314 abdita
397 1259 453 1314 aut
479 1249 569 1314 loeus
593 1248 749 1314 siluestris
773 1257 830 1312 aut
851 1246 945 1333 palus
976 1246 1122 1332 inpedita
1153 1267 1244 1331 spem
1270 1243 1425 1330 praesidii
1504 1283 1506 1290 ·

228 1329 315 1398 taut
337 1333 450 1398 salutis
473 1333 616 1420 aliquam
639 1333 807 1414 offerebat,
830 1332 1026 1398 consederat
1070 1331 1162 1396 Haeo
1182 1330 1256 1396 loca
1276 1329 1424 1394 uioinita·
1453 1334 1470 1391 5

257 1418 345 1484 tibus
368 1429 461 1484 erant
481 1428 572 1501 nota,
603 1440 824 1505 magnamque
852 1441 904 1482 res
927 1416 1130 1502 diligentiam
1151 1413 1340 1501 requirebat
1361 1437 1425 1479 non

257 1505 292 1568 in
315 1527 441 1570 summa
463 1505 624 1570 exereitus
647 1503 766 1570 tuenda
776 1502 926 1652 ulmum
948 1503 1034 1567 enim
1055 1511 1183 1588 poterat
1204 1499 1366 1564 uniuersis
1387 1501 1424 1566 ab

257 1590 433 1738 perterritis
453 1612 490 1654 ao
512 1589 665 1676 dispersis
686 1592 776 1676 perio
811 1612 867 1652 um
890 1587 1059 1669 accidere),
1081 1585 1190 1652 sedin
1208 1583 1346 1670 singulis
1368 1587 1424 1650 mi-

270 1673 370 1738 itibus
402 1674 649 1760 conseruandis3
697 1698 759 1739 uae
789 1683 899 1738 tamen
934 1695 977 1738 ex
1006 1681 1099 1758 parte
1134 1693 1184 1736 res
1214 1669 1257 1744 ad
1288 1669 1424 1734 salutem

228 1753 420 1824 4exeroitus
441 1759 633 1845 pertinebat.
696 1768 801 1824 amet
820 1757 961 1844 praedae
976 1757 1137 1843 cupiditas
1159 1755 1278 1820 multos
1295 1753 1424 1840 longius
1435 1759 1469 1818 10

259 1844 427 1927 euooabat,
446 1855 477 1909 et
495 1845 597 1910 siluae
615 1847 746 1910 incertis
756 1842 957 1929 occultisque
972 1842 1142 1908 itineribus
1161 1840 1321 1906 confertos
1338 1840 1424 1905 adire

229 1924 249 1988 5
259 1929 485 2014 prohibebant.
518 1929 554 1996 Si
568 1932 735 2015 negotium
753 1928 869 1994 oonfioi
885 1929 922 1993 st'
966 1949 1081 2013 emque
1104 1927 1272 1992 hominum
1291 1925 1424 1990 seelera·

258 2024 366 2078 torum
392 2014 529 2080 interfici
551 2013 661 2096 uellet,
684 2014 893 2080 dimittendae
914 2035 1024 2099 pures
1046 2034 1160 2076 manus
1186 2010 1425 2096 diducendique

230 2094 352 2164 derant
368 2099 499 2184 milites3
518 2101 546 2165 si
564 2103 726 2165 continere
745 2100 789 2164 ad
806 2102 833 2164 si
880 2122 899 2163 a
914 2097 1100 2184 manipulos
1115 2095 1220 2178 uellet,
1234 2105 1270 2160 ut
1280 2095 1426 2160 instituta

257 2185 341 2250 ratio
371 2195 403 2250 et
425 2185 621 2250 consuetudo
655 2187 815 2251 exereitus
876 2185 985 2248 omani
1013 2180 1210 2268 postulabat,
1236 2180 1327 2246 loeus
1357 2181 1469 2266 ipselt

259 2279 328 2334 erat
345 2271 508 2356 praesidio
525 2270 687 2354 barbaris,
704 2293 809 2356 neque
827 2292 869 2335 ex
887 2267 1014 2334 oooulto
1032 2266 1210 2332 insidiandi
1220 2275 1252 2330 et
1264 2265 1313 2330 dis
1339 2287 1424 2330 ersos

230 2350 532 2421 loiroumueniendi
549 2355 685 2442 singulis
704 2355 813 2420 deerat
839 2353 986 2420 audacia.
1029 2353 1075 2418 Vt
1096 2354 1131 2416 in
1156 2353 1225 2416 eius
1248 2373 1302 2415 mo
1329 2353 1336 2366 ‘
1366 2348 1424 2415 dif-

258 2439 467 2522 ficultatibus,
486 2450 643 2527 quantum
663 2440 831 2526 diligentia
848 2438 1014 2526 prouideri
1031 2446 1166 2524 poterat,
1184 2435 1424 2523 prouidebatur,

257 2534 294 2588 ut
319 2527 428 2611 potius
455 2527 490 2589 in
518 2525 664 2591 nocendo
697 2525 740 2590 ali
763 2525 822 2590 uid
847 2525 1167 2611 praetermitterem,
1196 2522 1257 2586 etsi
1283 2522 1424 2586 omnium

258 2611 359 2675 animi
377 2610 420 2676 ad
437 2609 658 2676 ulciscendum
677 2547 843 2691 ardbbant
866 2632 965 2696 quam
982 2631 1056 2673 oum
1079 2607 1188 2693 aliquo
1207 2605 1349 2670 militum
1372 2604 1422 2668 de
1433 2608 1468 2667 20

256 2816 460 2826 *αι-..ᾑ-

257 2950 281 3004 9,
292 2965 372 3018 quam
390 2949 425 3004 ad
437 2969 453 3001 α
466 2948 501 3002 ad
515 2965 594 3018 quam
604 2956 621 3017 β
630 2947 717 3018 psidie
726 2948 761 3002 A'
779 2950 820 3004 10.
829 2947 920 3004 deberi
929 2948 1093 3002 frumentum
1107 2947 1298 3003 atramentum
1309 2942 1425 3012 deberit

257 3035 397 3104 trebonuq.
415 3036 450 3088 A¹
469 3037 511 3089 ll.
519 3035 584 3104 reip.
606 3034 632 3088 Τ
644 3035 683 3088 rei
697 3037 737 3104 ᾧ·
756 3033 783 3090 U
813 3034 852 3088 rei
869 3041 894 3102 ,Ρ
913 3033 949 3103 (p.
967 3032 1013 3096 Μ)
1030 3041 1052 3087 f.
1069 3033 1105 3087 A‘
1121 3033 1160 3088 rei
1178 3028 1223 3088 fit
1241 3031 1277 3086 B¹
1296 3025 1423 3098 quomodo

256 3119 283 3173 A
317 3135 378 3174 eum
398 3140 416 3175 α
434 3135 492 3174 eam
509 3124 530 3190 β
545 3118 657 3174 eundern
675 3118 749 3173 Paul
802 3119 842 3173 12.
865 3134 954 3172 rossus
971 3118 997 3172 A
1050 3119 1090 3174 13.
1113 3118 1222 3173 initium
1244 3115 1365 3186 (inicium
1380 3111 1423 3181 A‘)

257 3203 322 3258 belli
342 3223 360 3259 α
378 3203 444 3258 belli
461 3203 571 3258 initium
588 3208 609 3276 β
640 3205 749 3272 possent
768 3223 785 3255 α
803 3203 904 3272 possint
921 3207 949 3276 p.

325 3344 461 3396 XXXIIH.
489 3342 513 3395 2,
531 3287 595 3410 pdiu
619 3340 654 3396 M
677 3339 814 3410 praedium
841 3339 876 3393 B‘
902 3339 967 3408 pdiu
994 3338 1050 3410 At?
1117 3337 1142 3393 3.
1164 3338 1193 3391 in
1217 3335 1304 3391 omnis
1327 3336 1424 3405 (omnes

258 3424 402 3494 RBeorr.)
412 3425 497 3495 partis
515 3445 534 3481 α
550 3426 636 3480 omnis
648 3427 676 3480 in
687 3425 771 3494 partis
780 3430 801 3496 β
833 3424 880 3478 ubi
897 3425 992 3494 cuique
1001 3428 1021 3495 β
1036 3420 1262 3493 ubicumque(ubi
1279 3425 1343 3490 ouq:
1361 3419 1397 3490 Β)
1407 3439 1424 3473 α

258 3577 310 3632 aud
329 3577 400 3648 Bpr.
443 3578 534 3632 taut
552 3577 622 3648 Bpr.
642 3579 714 3634 locus
732 3578 872 3633 siluestris.
891 3579 939 3632 aut
957 3529 1065 3647 (uullB)
1091 3576 1167 3644 palus
1184 3575 1259 3643 (paul
1275 3573 1312 3640 A)
1330 3593 1349 3630 α
1362 3572 1424 3627 loeis

257 3663 402 3719 siluestrib.
419 3663 497 3731 palus
510 3667 531 3734 β
545 3662 675 3731 impedita
688 3663 717 3718 B
732 3661 881 3732 inpedimto
892 3662 919 3717 A
937 3661 1063 3731 praesidii
1075 3659 1218 3730 (psidiiA')
1237 3661 1286 3713 aut
1301 3659 1425 3714 salutisa

261 3747 383 3818 psidiaue
398 3747 494 3802 salutis
508 3749 533 3800 Τ
563 3748 588 3802 l.
606 3747 640 3801 ab
655 3747 731 3804 codd.
744 3753 798 3804 tres
815 3746 965 3814 deariores,
980 3762 1029 3801 om.
1039 3747 1071 3800 X
1104 3747 1146 3801 10.
1163 3745 1215 3816 pde
1225 3745 1251 3799 A
1286 3746 1327 3799 11.
1338 3743 1423 3799 occul·

257 3835 346 3903 usquo
366 3831 511 3887 itineribus
529 3852 548 3889 α
566 3833 761 3902 occultatisque
778 3833 807 3887 in
832 3831 954 3888 itinerib.
971 3836 992 3904 β
1024 3831 1155 3888 confertos
1173 3830 1229 3903 A¹fl
1245 3830 1372 3886 confertis
1389 3827 1423 3883 B⁴

256 3917 350 3972 adhire
377 3914 411 3972 A¹
464 3919 505 3972 12.
533 3917 666 3989 scelaton'r
692 3917 719 3973 A
777 3917 817 3972 13.
847 3917 931 3972 uellet
963 3915 1039 3972 codd.
1068 3915 1122 3970 duo
1149 3915 1291 3972 &mores
1323 3916 1426 3970 uellent

260 4054 291 4108 X
324 4053 510 4132 dimittendo}
539 4053 566 4108 A
601 4014 808 4124 diducendique
825 4052 854 4109 B
896 4053 937 4108 n
956 4053 1091 4108 continere
1109 4072 1128 4108 α
1146 4050 1310 4123 eontinerifl
1342 4050 1424 4110 uellet

257 4139 398 4210 puellent
417 4158 435 4194 α
470 4139 578 4208 tuipse
596 4142 655 4194 erat
674 4159 692 4195 α
710 4141 768 4193 erat
785 4139 879 4210 ipsess
911 4137 953 4192 16.
962 4136 1049 4206 psidio
1066 4136 1100 4192 A*
1136 4137 1177 4191 17.
1195 4136 1306 4190 audatia
1323 4134 1352 4191 B
1375 4134 1424 4190 dil·

257 4221 446 4278 fuloultotibus
462 4223 489 4277 A
525 4224 566 4279 19.
575 4223 676 4293 prater
694 4222 879 4278 mittertzurB
888 4220 1353 4294 ptarmittertuermittereturss
1384 4219 1424 4274 20.

258 4307 292 4362 ud
310 4307 488 4363 ulciscendum
507 4308 573 4362 A‘T
586 4307 621 4364 ad
638 4306 805 4362 uliscendum
822 4307 851 4362 B
867 4306 1073 4364 adulescentum
1091 4305 1119 4361 R
1133 4305 1312 4362 'adolesoentu
1333 4303 1364 4359 U.
