3154 5068
212 355 273 422 152
766 362 830 420 VII

208 526 334 592 Aeduis
358 526 483 608 diuidit,
511 547 632 612 paucos
663 527 732 591 dies
758 526 805 590 ibi
834 528 952 592 morati
972 548 1078 612 neque
1105 525 1226 592 flumen
1243 529 1384 592 transire

181 611 283 676 bausi
305 611 439 676 domum
456 621 662 676 reuertuntur
683 611 865 698 legatisque
887 613 1005 676 nostris
1022 613 1215 693 renuntiant,
1240 635 1274 677 ss
1291 613 1382 677 Bitu·
1396 618 1439 676 10

208 699 317 782 rigum
343 696 515 782 perfidiam
546 697 666 761 uetitos
697 699 881 778 reuertisse,
913 696 1031 783 quibus
1063 696 1099 760 id
1125 696 1251 762 consilii
1281 697 1384 762 fuisse

211 783 430 868 cognouerint,
452 791 496 862 ut,
515 783 542 846 si
564 779 685 846 flumen
703 783 902 864 transissent,
924 804 991 846 una
1008 803 1052 845 ex
1068 792 1162 867 parte
1182 782 1256 867 ipsi,
1279 781 1383 847 altera

181 866 350 932 6Aruerni
379 889 412 931 se
439 867 715 932 circumsisterent
766 866 805 932 Id
832 889 912 932 eane
934 867 973 932 de
999 888 1111 947 causa,
1139 889 1238 953 quem
1264 865 1382 952 legatis

209 953 466 1037 pronuntiarunt,
494 975 536 1016 an
563 951 701 1037 perfidia
727 950 862 1016 adducti
889 952 1029 1032 fecerint,
1056 951 1144 1037 quod
1174 951 1255 1016 nihil
1285 951 1382 1018 nobis

182 1038 342 1119 lconstst,
370 1059 435 1102 non
461 1036 591 1100 uidetur
617 1046 784 1122 procerte
812 1059 882 1101 esse
908 1036 1163 1122 proponendum.
1215 1037 1382 1122 Bituriges
1393 1041 1434 1100 15

209 1144 321 1187 eorum
341 1121 485 1187 discessu
507 1123 616 1186 statim
635 1144 709 1186 cum
727 1121 882 1186 Amemis
900 1123 1086 1207 iunguntur.

181 1210 197 1271 1
294 1206 352 1271 VI.
387 1206 449 1272 His
467 1205 565 1271 rebus
584 1207 618 1270 in
646 1205 777 1271 Italiam
804 1206 937 1272 Caesari
958 1206 1122 1288 nuntiatis,
1145 1228 1219 1270 cum
1240 1206 1308 1270 iam
1326 1205 1382 1270 ille

208 1290 352 1356 urbanas
379 1314 431 1356 res
455 1293 574 1356 uirtute
597 1290 654 1357 On.
681 1291 818 1378 Pompei
840 1292 1093 1356 commodiorem
1111 1293 1146 1356 in
1164 1300 1284 1355 stabim
1307 1313 1381 1376 per-

208 1378 335 1440 uenisse
366 1375 579 1462 intellegeret,
618 1377 651 1440 in
677 1376 817 1441 Transal
840 1379 929 1442 inam
967 1376 1111 1444 Galliam
1136 1376 1301 1462 profectus
1324 1386 1380 1440 est

178 1460 258 1527 auo
278 1483 351 1525 cum
378 1463 528 1542 uenisset,
559 1484 682 1548 magna
704 1401 897 1528 difficultate
920 1461 1144 1543 adficiebatur,
1170 1483 1237 1547 qua
1253 1461 1380 1530 ratione

179 1544 253 1612 3ad
270 1547 448 1610 exercitrm
466 1548 634 1631 peruenire
652 1557 768 1632 posset.
811 1547 897 1612 Nam
919 1549 946 1611 si
965 1547 1106 1632 legiones
1123 1548 1158 1611 in
1175 1547 1380 1632 prouinciam
1412 1549 1430 1608 5

210 1641 393 1711 arcesseret,
416 1653 450 1695 se
468 1630 601 1696 absente
610 1633 644 1695 in
662 1633 775 1696 itinere
787 1632 911 1718 proelio
930 1632 1137 1696 dimicatrras
1154 1629 1380 1716 intellegebat,

177 1715 237 1781 4si
259 1716 330 1800 ipse
352 1715 395 1781 ad
426 1717 605 1780 exereitum
630 1716 850 1798 contenderet,
867 1739 907 1782 ne
929 1717 981 1782 his
1008 1716 1141 1803 quidem
1163 1739 1201 1781 eo
1224 1726 1381 1802 tempore,

209 1800 265 1884 qui
306 1801 385 1864 uieti
402 1800 597 1882 uiderentur,
620 1824 713 1866 suam
732 1801 869 1866 salutem
891 1812 976 1867 recte
990 1803 1148 1868 committi
1165 1801 1309 1867 uidebat.

180 1888 197 1951 1
325 1883 368 1948 ΙΙ.
400 1885 534 1950 Interim
555 1886 724 1950 Lucterius
748 1886 916 1952 Cadurcus
938 1889 972 1952 in
993 1888 1137 1952 Rutenos
1161 1888 1278 1952 missus
1305 1909 1379 1952 eam

177 1971 370 2037 2ciuitatem
388 1969 546 2035 Aruernis
564 1971 724 2036 conciliat.
768 1972 963 2058 Progressus
985 1973 1019 2035 in
1039 1971 1238 2057 Nitiobriges
1261 1981 1293 2036 et
1311 1971 1378 2037 Ga·

205 2053 300 2120 balos
324 2053 366 2118 ab
397 2056 477 2120 utris
501 2078 542 2121 ue
571 2055 700 2120 obsides
728 2059 848 2144 accipit
873 2068 905 2122 et
935 2080 1057 2206 magna
1083 2068 1197 2122 coacta
1223 2079 1323 2121 manu
1344 2058 1379 2120 in

176 2140 409 2224 3prouinciam
426 2141 496 2205 Nar
521 2163 616 2206 onem
634 2163 746 2206 uersus
765 2165 821 2206 eru
845 2144 967 2206 tionem
999 2163 1092 2206 acere
1109 2141 1280 2207 contendit.
1303 2140 1378 2222 Qua

205 2245 240 2288 re
261 2226 410 2289 nuntiata
420 2224 541 2290 Caesar
559 2225 710 2291 omnibus
729 2165 872 2293 consiliis
882 2227 1149 2294 anteuertendum
1167 2226 1378 2308 existimauit,
1409 2229 1427 2288 5

175 2313 241 2376 4ut
266 2309 455 2375 Narbonem
476 2309 743 2396 proficisceretur.
785 2312 835 2376 Eo
864 2334 937 2376 eum
959 2313 1109 2391 uenisset,
1137 2313 1279 2377 timentis
1302 2334 1377 2376 con-
1426 2377 1429 2384 ,

205 2393 322 2477 firmat,
371 2395 513 2460 raesidia
534 2398 569 2461 in
590 2397 725 2461 Rutenis
743 2397 1007 2482 prouincialibus,
1039 2396 1151 2462 Volcis
1168 2396 1377 2478 ArecomieiS,

205 2417 418 2544 Tolosatrlrus
447 2481 634 2566 circumque
660 2481 862 2564 Narbonem,
889 2505 973 2568 quae
1003 2481 1076 2548 loca
1106 2481 1255 2547 hostibus
1285 2491 1377 2546 erant

176 2562 351 2646 bfinitima,
378 2566 551 2646 constituit,
569 2575 695 2652 partem
718 2569 884 2652 copiarum
907 2589 949 2632 ex
975 2569 1145 2652 prouincia
1172 2567 1376 2653 supplemen-

205 2657 347 2734 tumque,
367 2649 456 2735 quod
474 2672 516 2714 ex
530 2650 628 2716 Italia
650 2651 848 2733 adduxerat,
861 2655 896 2717 in
912 2651 1057 2734 Heluios,
1076 2653 1132 2738 qui
1158 2652 1238 2717 fines
1255 2651 1375 2717 Aruer·
1390 2654 1428 2712 10

204 2755 320 2799 norum
338 2735 537 2820 contingunt,
556 2738 728 2801 conuenire
745 2737 844 2802 iubet

177 2823 193 2886 1
290 2818 383 2884 VIII.
415 2820 477 2885 His
512 2820 609 2886 rebus
645 2825 830 2908 conparatis
872 2844 1020 2908 represso
1060 2823 1126 2886 iarn
1162 2822 1312 2887 Lucterio
1345 2831 1377 2886 et

203 2913 342 2986 remoto,
370 2905 459 2990 quod
483 2907 603 2971 intrare
624 2907 709 2971 intra
734 2907 899 2992 praesidia
929 2906 1145 2993 periculosum
1167 2907 1319 2993 putabat,
1341 2909 1376 2970 in

204 3092 228 3145 9.
246 3090 341 3145 heduis
359 3090 423 3145 A⁴B
475 3091 565 3146 1201
591 3097 668 3161 parte
692 3093 744 3161 ipsi
769 3111 787 3144 α
814 3093 866 3162 ipsi
884 3109 915 3148 ex
940 3096 1056 3162 partes
1109 3092 1375 3161 repromitterent

200 3226 309 3296 pomae
325 3226 383 3280 cdd.
402 3227 698 3296 pauntiarintornunc:
716 3228 763 3292 M)
783 3248 800 3280 α
817 3188 1021 3298 pnnntiadbrint
1038 3232 1058 3300 β
1081 3228 1203 3298 f(n)srint
1221 3228 1247 3282 A
1266 3228 1305 3282 15.
1316 3244 1375 3297 pro-

203 3309 354 3379 ponendum
374 3331 391 3363 a
410 3309 587 3379 ponendnmss
614 3313 654 3366 16.
665 3313 855 3367 cumaruernis
873 3313 1052 3383 iunguntura
1070 3328 1097 3368 se
1116 3328 1175 3366 enm
1185 3313 1305 3368 artemis
1314 3327 1374 3366 eon-

202 3398 318 3536 mugga
329 3402 357 3534 d.
380 3461 440 3535 561².
459 3480 486 3534 n
501 3461 545 3536 ὀἷ
561 3480 623 3535 ΜΒ
640 3481 689 3535 en.
707 3481 736 3536 a
754 3481 813 3538 ,aa
826 3481 852 3535 r
866 3482 970 3550 pompa
987 3502 1006 3540 α
1023 3483 1110 3552 pepon
1131 3485 1155 3538 r
1175 3481 1281 3551 ponpst
1303 3481 1330 3536 u
1348 3483 1374 3536 s.

201 3564 336 3634 puintiam
354 3565 382 3620 B
425 3567 450 3620 6.
468 3571 612 3642 arcesseret
629 3569 649 3636 β
673 3565 812 3620 areerser&
831 3585 849 3617 a
885 3568 908 3620 7.
927 3566 970 3620 his
988 3586 1006 3622 α
1025 3566 1078 3663 hiis
1101 3569 1126 3618 T
1139 3567 1173 3621 iis
1195 3566 1223 3621 U
1253 3583 1284 3621 so
1302 3567 1370 3620 tem·

201 3688 326 3754 posequi
344 3684 431 3754 quieti
448 3645 557 3754 (qlluilzi
574 3683 611 3754 Β)
631 3704 648 3736 α
666 3683 713 3754 qni
732 3701 762 3738 eo
780 3685 897 3754 ternpore
916 3684 1006 3752 pacati
1024 3691 1049 3753 β.

270 3771 328 3824 VII.
356 3770 379 3823 1.
399 3768 564 3840 lucteriusss
590 3770 716 3824 lucretius
735 3769 874 3839 (lucrecius
891 3767 939 3839 M)
961 3789 978 3821 α
1013 3771 1038 3824 2.
1055 3769 1083 3824 in
1101 3769 1261 3840 nitiobrigss
1278 3770 1375 3826 Meu

817 3865 829 3894 Θ

201 3901 370 3972 iniciobrigss
388 3903 414 3957 A
432 3902 611 3958 ininitiobries
633 3902 661 3958 U
699 3903 724 3958 3.
743 3903 843 3958 obsidis
860 3903 888 3958 A
927 3905 1026 3974 accipit
1045 3905 1222 3977 concepus
1270 3906 1295 3961 4.
1314 3922 1373 3974 pro·

200 3987 315 4042 uintiem
334 3988 363 4042 B
405 3988 550 4042 narbonem
570 4007 587 4040 α
605 3988 759 4057 narbonae
803 3991 828 4043 6.
845 3989 990 4044 narbonem
1011 4009 1029 4041 α
1053 3989 1209 4058 narbonae
1250 3991 1374 4046 timentis

200 4073 366 4140 stimentes
385 4092 403 4128 α
439 4075 462 4129 7.
480 4073 567 4143 psidie
584 4071 648 4126 A¹B
672 4074 834 4144 puintislib3
851 4073 880 4128 B
913 4074 1064 4128 aretomicis
1083 4075 1115 4128 X
1147 4076 1165 4130 8
1190 4075 1337 4130 narbonem
1356 4095 1374 4127 α

199 4157 353 4226 narbontfi
389 4159 429 4213 10.
448 4158 552 4212 heluios
569 4157 661 4212 A¹BT
676 4156 758 4211 eluios
780 4158 845 4229 Upr.
865 4159 973 4213 eluitios
996 4158 1087 4215 Uecrr.

268 4279 340 4332 vm.
359 4277 383 4330 1.
393 4276 442 4330 un
460 4274 541 4344 nas
560 4276 655 4330 sinn
673 4257 737 4331 ise
764 4277 915 4346 conparatu
924 4277 959 4332 a
968 4276 1165 4346 comparasse
1198 4277 1372 4348 spirant
