3178 5070
232 424 253 488 6
812 425 828 482 I

235 592 459 678 Sequanorum
487 599 518 654 et
538 587 731 654 Aeduorum
757 589 818 652 iter
844 589 877 651 in
900 587 1078 652 Santonum
1101 587 1181 652 fines
1204 588 1322 671 facere,
1350 592 1407 674 qui

234 700 299 742 non
321 676 418 761 longe
436 699 455 740 a
477 672 680 739 Tolosatium
699 672 818 737 finibus
837 672 962 755 absunt,
981 695 1064 759 quae
1083 674 1197 738 ciuitas
1217 683 1265 738 est
1283 675 1316 738 in
1332 697 1406 761 pro-

205 761 351 827 2uincia.
394 761 434 825 Id
456 761 483 824 si
505 758 607 840 fieret,
629 756 737 822 intelle
761 757 838 821 ebat
874 779 992 843 magno
1016 780 1089 822 cum
1110 757 1255 844 periculo
1278 761 1407 844 prouin-

237 849 306 912 ciae
333 846 491 926 futurum,
512 853 548 907 ut
573 843 719 907 homines
738 781 928 924 Sellicosos,
950 843 1063 942 populi
1085 844 1225 908 Romani
1251 845 1409 927 inimicos,
1441 848 1465 906 5

205 931 316 997 3locis
334 929 520 1017 patentibus
543 929 751 1014 maximeque
769 927 987 992 frumentariis
1003 927 1156 993 finitimos
1179 928 1321 994 haberet.
1354 930 1406 996 Ob

236 1040 291 1083 eas
314 1037 428 1080 causas
450 1016 479 1078 ei
507 1013 686 1094 munitioni,
714 1034 813 1098 quam
839 1012 967 1095 fecerat,
994 1013 1032 1078 Τ.
1054 1012 1236 1078 Labienum
1264 1014 1408 1099 legatum

259 1102 407 1183 raefecit3
428 1101 500 1185 ipse
521 1099 556 1161 in
578 1097 708 1162 Italiam
730 1097 858 1182 magnis
881 1097 1049 1162 itineribus
1077 1098 1242 1162 contendit
1264 1098 1409 1184 duasque

235 1125 283 1251 ibi
305 1186 448 1272 legiones
472 1183 647 1248 conscribit
667 1191 699 1246 et
724 1192 805 1264 tres,
832 1203 916 1267 quae
938 1185 1058 1247 circum
1081 1182 1268 1268 Aquileiam
1287 1183 1408 1248 hiema-

236 1271 325 1352 bant,
352 1293 393 1336 ex
419 1268 563 1333 hibernis
593 1266 701 1331 educit
726 1276 765 1350 et,
793 1289 858 1352 qua
882 1269 1070 1354 proximum
1095 1269 1156 1333 iter
1174 1270 1207 1332 in
1224 1267 1408 1333 ulteriorem
1422 1273 1465 1330 10

238 1355 382 1422 Galliam
396 1376 453 1439 per
462 1352 564 1438 Alpes
574 1362 651 1433 erat,
668 1373 741 1416 cum
754 1354 794 1416 iis
812 1354 954 1438 quinque
971 1351 1154 1437 legionibus
1172 1353 1220 1417 ire
1238 1353 1410 1417 contendit.

207 1438 291 1506 41bi
309 1439 483 1505 Ceutrones
506 1447 538 1501 et
556 1436 718 1502 Graioceli
740 1446 771 1502 et
789 1436 958 1523 Caturiges
980 1436 1059 1503 locis
1075 1438 1295 1524 superioribus
1318 1460 1410 1502 occu-

207 1522 322 1613 bpatis
349 1526 461 1588 itinere
488 1522 665 1587 exercitum
694 1522 869 1607 prohibere
900 1531 1062 1587 conantur.
1121 1521 1341 1610 Conpluribus
1371 1524 1411 1588 iis

237 1608 370 1710 proeliis
378 1606 491 1694 pulsis,
510 1606 550 1671 ab
562 1605 671 1688 Ocelo,
690 1607 777 1692 quod
787 1617 834 1672 est
850 1609 1005 1672 citerioris
1020 1610 1207 1694 prouinciae
1223 1619 1411 1691 extremum,

238 1718 272 1759 rn
294 1694 374 1758 fines
392 1693 626 1757 Vocontiorum
643 1690 803 1756 ulterioris
842 1692 1006 1757 reuineiae
1025 1693 1077 1757 die
1095 1695 1232 1780 septimo
1251 1695 1462 1779 peruenit315
1583 1751 1585 1770 ,

239 1779 315 1844 inde
329 1781 364 1842 in
378 1775 596 1862 Allobrogum
610 1776 701 1859 fines,
720 1776 761 1842 ab
780 1715 1016 1864 Allobrogibus
1034 1779 1066 1841 in
1077 1777 1272 1862 Segusiauos
1291 1780 1410 1843 exerci-

238 1875 307 1929 tum
326 1863 422 1927 ducit.
466 1861 511 1925 Hi
530 1870 602 1926 sunt
617 1871 709 1926 extra
726 1864 928 1946 prouinciam
942 1873 1031 1927 trans
1045 1863 1242 1928 Rhodanum
1263 1865 1368 1949 primi

211 1948 227 2008 1
325 1948 385 2012 ΧΙ.
412 1945 556 2010 Heluetii
578 1947 644 2011 iam
672 1968 731 2032 per
754 1949 922 2032 angustias
941 1957 972 2012 et
993 1947 1073 2013 fines
1092 1946 1317 2033 Sequanorum
1336 1971 1411 2012 suas

242 2035 353 2121 copias
371 2031 583 2097 traduxerant
601 2040 633 2095 et
648 2033 684 2095 in
697 2031 888 2097 Aeduorum
906 2031 985 2098 fines
1004 2043 1217 2119 peruenerant
1235 2055 1411 2117 eorumque

209 2113 337 2206 2agros
368 2115 618 2204 populabantur.
660 2115 782 2197 Aedui,
806 2138 879 2182 cum
907 2141 941 2182 se
964 2140 1086 2203 suaque
1112 2118 1154 2183 ab
1177 2119 1217 2183 iis
1241 2117 1413 2183 defendere

239 2226 305 2270 non
326 2210 470 2288 possent,
497 2200 621 2285 legatos
645 2199 687 2265 ad
711 2199 883 2266 Caesarem
910 2205 1039 2267 mittrmt
1063 2211 1214 2288 rogatum
1241 2202 1411 2268 auxilium:

210 2282 291 2354 31ta
309 2310 343 2352 se
365 2289 452 2352 omni
470 2295 615 2370 tempore
638 2284 678 2348 de
696 2285 817 2371 populo
836 2287 985 2353 Romano
1006 2288 1135 2352 meritos
1158 2311 1235 2370 esse,
1257 2297 1293 2353 ut
1309 2309 1412 2373 paene
1444 2286 1463 2345 5

241 2377 274 2438 in
297 2381 472 2459 conspectu
494 2371 653 2435 exercitus
675 2373 777 2434 nostri
802 2372 874 2456 agri
891 2372 1023 2454 uastari,
1046 2371 1141 2436 liberi
1164 2395 1275 2438 eorum
1296 2374 1331 2437 in
1349 2395 1413 2438 ser-

210 2452 377 2522 4uitutem
405 2455 533 2539 abduci,
556 2454 679 2540 oppida
701 2458 883 2542 expugnari
899 2480 963 2524 non
987 2456 1163 2521 debuerint.
1194 2456 1320 2523 Eodem
1334 2468 1412 2523 tem-

266 2565 328 2624 ore,
343 2563 402 2626 quo
417 2540 535 2622 Aedui,
552 2538 715 2621 Ambarri,
731 2543 904 2606 necessarii
922 2552 953 2607 et
971 2543 1203 2628 consanguinei
1216 2542 1414 2624 Aeduorum,

241 2567 417 2694 llaesarem
434 2627 601 2690 certiorem
619 2624 751 2707 faciunt,
769 2649 838 2690 sese
848 2626 1052 2713 depopulatis
1073 2628 1161 2713 agris
1175 2650 1239 2692 non
1257 2627 1353 2692 facile
1372 2627 1413 2692 ab

212 2706 233 2770 5
245 2713 374 2799 oppidis
392 2713 462 2775 uim
470 2705 612 2775 hostium
630 2710 810 2796 prohibere.
841 2712 924 2777 Item
933 2711 1139 2799 Allobroges,
1157 2715 1214 2798 qui
1227 2724 1315 2778 trans
1327 2712 1413 2777 Rho·
1426 2713 1467 2769 10

245 2799 366 2863 danum
392 2797 484 2860 uicos
511 2795 794 2945 possessionesqlrjre
812 2796 985 2880 habebant,
1013 2798 1093 2884 fuga
1116 2820 1150 2863 se
1177 2798 1220 2863 ad
1242 2797 1414 2863 Caesarem

243 2885 404 2970 recipiunt
426 2891 458 2946 et
476 2880 703 2961 demonstrant,
721 2881 749 2944 si
773 2883 785 2944 i
823 2891 929 2946 raeter
947 2885 1019 2969 agri
1037 2882 1142 2948 solum
1160 2882 1242 2947 nihil
1259 2904 1328 2946 esse
1343 2881 1414 2945 reli-

215 2961 309 3054 (iqui.
355 2966 483 3048 Quibus
504 2964 601 3030 rebus
625 2965 782 3030 adductus
800 2904 998 3033 ISaesarnon
1014 2968 1251 3054 expectandum
1269 2966 1332 3031 sibi
1354 2976 1414 3030 sta·

245 3055 316 3136 tuit,
344 3053 421 3117 dum
445 3050 595 3116 omnibus
627 3050 763 3115 fortunis
787 3054 946 3117 sociorum
974 3055 1173 3139 consumptis
1198 3055 1232 3118 in
1254 3051 1415 3118 Santonos

244 3136 388 3202 Heluetii
405 3137 618 3222 peruenirent.
1429 3138 1467 3197 15
1583 3191 1584 3212 ,

217 3217 234 3278 1
332 3221 409 3285 XII.
430 3220 569 3285 Flumen
584 3228 632 3284 est
649 3219 743 3302 Arar,
762 3221 851 3305 quod
889 3243 922 3285 er
939 3222 1019 3287 fines
1037 3222 1227 3288 Aeduorum
1245 3231 1277 3286 et
1294 3221 1415 3307 Sequa-

247 3330 363 3372 norum
380 3308 415 3371 in
429 3304 625 3370 Rhodanum
649 3304 755 3369 influit
776 3244 961 3371 incredibili
979 3306 1119 3391 lenitate,
1136 3308 1182 3372 ita
1200 3317 1237 3372 ut
1256 3306 1366 3389 oculis,
1382 3308 1417 3371 in

247 3503 1422 3609 immmammamssmmssmnnmu

334 3625 380 3688 m

248 3731 291 3786 urs
311 3730 337 3784 r
351 3689 388 3822 is
402 3727 440 3781 n
453 3728 493 3782 ra
503 3725 629 3796 garoau
647 3726 662 3779 o
679 3727 821 3794 graiocaeli
838 3728 901 3784 Aa
918 3729 1032 3797 garneri
1049 3734 1069 3801 ,r
1092 3730 1133 3785 rs.
1149 3730 1183 3783 rs
1200 3729 1264 3785 Aa
1277 3729 1304 3784 u
1320 3729 1361 3782 ns
1379 3728 1421 3782 rr

248 3865 290 3920 14.
308 3824 429 3919 ararites
451 3862 477 3916 A
512 3860 915 3931 re.11,1reAarrobrogmmA
950 3813 1128 3934 etelsus,
1146 3865 1173 3918 A
1208 3865 1249 3919 re.
1261 3863 1420 3934 Segusiauos

250 3947 408 4020 Nipperdey
424 3947 578 4003 sebusienos
589 3947 625 4002 X.

318 4068 364 4122 ru.
384 4069 408 4122 1.
427 4067 543 4122 norun
560 4066 587 4120 A
605 4065 720 4120 uerutus
738 4065 777 4120 n
806 4066 831 4120 4.
853 4065 974 4134 largatos
991 4067 1018 4120 A
1052 4067 1076 4121 s.
1094 4029 1192 4136 pipuro
1215 4067 1241 4120 A
1277 4067 1380 4136 poenal
1395 4067 1421 4120 A

249 4205 273 4259 6.
288 4165 349 4258 eorr'r
366 4203 393 4256 A
427 4204 452 4258 8.
471 4218 522 4271 quo
540 4200 713 4256 odtharer
747 4202 772 4255 9.
791 4199 966 4271 depopulatis]
985 4163 1213 4272 cdmdcpopulatis
1226 4202 1252 4255 A
1287 4203 1327 4256 12.
1346 4192 1422 4272 ΡΜ

249 4341 380 4410 suque)
399 4339 425 4392 A
461 4339 500 4396 rs.
513 4337 677 4408 expectante
694 4339 721 4392 A
756 4339 797 4392 14.
807 4337 1001 4404 semrom
1029 4339 1069 4393 rs.
1088 4338 1195 4394 return
1209 4337 1235 4390 A
1254 4337 1363 4392 heluicii
1381 4336 1421 4390 n.
