3178 5070
240 409 282 475 40
809 416 842 474 ll

239 581 367 643 eiacum
389 589 486 665 atque
502 578 633 643 Aeduos
660 579 779 643 finibus
797 578 1045 644 Bellouacorum
1068 579 1333 665 adpropinquare
1360 602 1397 644 co

240 674 426 749 gnouerant.
469 663 753 749 His'persuaderi,
784 675 819 728 ut
837 664 959 729 diutius
982 674 1183 730 morarentur
1209 687 1314 751 neque
1345 667 1411 729 suis

241 748 398 813 auxilium
416 750 542 830 ferrent,
559 771 625 813 non
642 759 776 835 poterat.

212 838 228 899 1
324 834 383 898 ΧΙ.
405 833 456 898 Ea
473 856 508 898 re
526 835 707 917 constituta,
734 833 876 899 secunda
893 833 1009 918 uigilia
1032 856 1151 919 magno
1177 855 1251 897 cum
1274 835 1411 919 strepitu

241 941 279 983 ac
304 919 443 984 tumultu
470 921 582 984 eastris
614 920 735 1005 egressi
760 917 849 983 nullo
881 929 965 983 certo
993 919 1106 983 ordine
1133 941 1237 1005 neque
1264 919 1411 1004 imperio,

240 1011 313 1067 cum
342 1003 406 1068 sibi
433 1006 569 1090 quisque
600 1005 742 1090 primum
767 1005 889 1087 itineris
926 1003 1033 1068 locum
1084 1013 1183 1068 eteret
1214 1014 1245 1068 et
1276 1003 1411 1068 domum

239 1091 407 1174 peruenire
437 1098 639 1175 properaret,
669 1089 826 1170 fecerunt,
857 1099 892 1153 ut
919 1027 1095 1153 consimilis
1125 1088 1223 1173 fugae
1250 1087 1410 1174 profectio

209 1172 408 1238 2uideretur.
451 1174 525 1238 Hae
547 1196 582 1237 re
604 1176 712 1239 statim
730 1173 851 1240 Caesar
872 1196 931 1259 per
958 1173 1176 1259 speculatores
1204 1195 1241 1238 eo
1267 1176 1337 1238 nita
1364 1175 1439 1237 inb

239 1258 344 1338 sidias
361 1259 499 1340 ueritus,
527 1258 632 1343 quod,
661 1281 725 1344 qua
749 1258 788 1323 de
815 1281 914 1324 causa
937 1257 1146 1340 discederent,
1172 1196 1316 1323 nondum
1339 1280 1410 1405 per-

208 1347 398 1428 3spexerat,
417 1345 594 1407 exercitum
653 1345 855 1429 uitatumque
873 1345 987 1408 castris
1010 1343 1176 1408 continuit.
1211 1344 1321 1407 Prima
1352 1365 1412 1407 uce

238 1427 428 1493 confirmata
449 1450 484 1492 re
503 1427 544 1492 ab
568 1366 837 1513 expiforatoribus,
857 1451 983 1492 omnem
1007 1429 1198 1514 equitatum,
1219 1429 1281 1576 qui
1303 1430 1411 1493 nouis-

240 1515 356 1576 simum
384 1534 502 1597 agmen
528 1524 715 1594 moraretur,
741 1514 916 1599 praemisit.
960 1513 1022 1577 His
1045 1512 1201 1594 Quintum
1247 1511 1358 1577 edium
1381 1522 1411 1576 et

237 1598 377 1661 Lucium
407 1596 662 1663 Aurunculeium
691 1597 820 1663 Cottam
847 1597 971 1684 legatos
1002 1597 1173 1684 praefecit3
1204 1598 1316 1662 Titum
1347 1598 1409 1662 La·
1421 1605 1465 1661 10

208 1681 370 1747 4bienum
402 1681 547 1767 legatum
578 1705 652 1746 cum
685 1682 865 1767 legionibus
897 1682 1000 1748 tribus
1030 1682 1184 1769 subsequi
1210 1683 1310 1748 iussit.
1364 1682 1410 1746 Hi

238 1767 433 1844 nouissimos
461 1767 566 1832 adorti
593 1777 624 1832 et
653 1767 754 1832 multa
776 1764 866 1832 milia
883 1790 1039 1854 passuum
1064 1769 1229 1853 prosecuti
1254 1790 1410 1851 magnam

238 1850 477 1916 multitudinem
504 1874 615 1916 eorum
638 1853 833 1938 fugientium
856 1852 1071 1933 concidenmt,
1098 1851 1171 1917 cum
1194 1852 1235 1917 ab
1263 1861 1408 1916 extremo

239 1938 376 2020 agmine,
399 1936 441 2001 ad
460 1959 541 2022 quos
559 1946 693 2022 uentum
711 1948 787 2019 erat,
810 1940 1019 2002 consisterent
1041 1936 1230 2022 fortiterque
1252 1937 1411 2023 impetum

209 2028 421 2086 anostrorum
439 2022 579 2086 militum
602 2023 801 2104 sustinerent,
823 2024 956 2109 priores,
984 2021 1072 2108 quod
1095 2021 1208 2086 abesse
1227 2045 1246 2086 a
1263 2020 1409 2108 periculo
1421 2026 1460 2084 15

238 2105 424 2179 uiderentur
441 2129 546 2196 neque
564 2106 631 2172 ulla
654 2109 845 2172 necessitate
871 2129 975 2192 neque
1002 2107 1138 2193 imperio
1166 2107 1410 2188 continerentur,

239 2190 393 2256 exaudito
412 2190 554 2258 clamore
571 2192 767 2279 perturbatis
787 2191 954 2256 ordinibus
974 2214 1083 2256 omnes
1097 2193 1132 2255 in
1147 2190 1228 2276 fuga
1242 2190 1305 2255 sibi
1318 2213 1411 2339 prae-

209 2275 358 2343 fisidium
375 2287 540 2362 ponerent.
584 2278 636 2342 Ita
658 2278 727 2342 sine
744 2275 810 2341 ullo
828 2275 972 2363 periculo
990 2286 1116 2342 tantam
1138 2279 1249 2356 eorum
1268 2299 1324 2340 mu
1334 2277 1410 2340 'titu-

239 2361 346 2425 dinem
364 2359 465 2427 nostri
483 2363 717 2444 interfecerimt,
736 2371 892 2448 quantum
911 2361 972 2426 fuit
991 2361 1055 2426 diei
1070 2361 1220 2447 spatium,
1238 2359 1299 2425 sub
1319 2382 1410 2425 occa·

238 2468 374 2531 sumque
401 2443 477 2595 stolis
501 2447 691 2512 destiterunt
719 2469 817 2532 seque
844 2449 878 2510 in
900 2457 1018 2528 castra,
1049 2456 1085 2510 ut
1111 2455 1180 2511 erat
1206 2447 1411 2532 imperatum,
1421 2452 1461 2510 20

237 2552 413 2615 receperim
427 2582 434 2594 .

210 2621 226 2681 1
323 2615 400 2679 ΧΠ.
426 2615 587 2680 Postridie
609 2619 678 2681 eius
701 2615 766 2680 diei
788 2616 922 2698 Caesar,
936 2617 1144 2766 Spriusquam
1173 2637 1207 2679 se
1232 2615 1340 2680 hostes
1368 2637 1410 2678 ex

238 2710 359 2764 terrore
385 2723 424 2765 ac
449 2700 530 2786 fuga
555 2702 741 2786 reciperent,
768 2702 803 2765 in
828 2699 912 2765 fines¹
960 2702 1159 2781 uessionum,
1209 2702 1243 2764 ui
1265 2700 1410 2786 proximi

238 2785 348 2850 Remis
367 2796 467 2869 erant,
489 2789 665 2851 exercitum
684 2786 778 2851 duxit
796 2795 827 2850 et
845 2808 963 2870 magno
987 2787 1100 2850 itinere
1123 2807 1159 2850 co
1198 2794 1268 2848 ecto
1292 2784 1335 2849 ad
1353 2807 1408 2870 op-

208 2870 352 2956 2pidum
359 2871 592 2936 Nouiodunum
611 2871 782 2936 contendit.
812 2871 851 2935 Id
870 2893 912 2935 ex
929 2871 1042 2935 itinere
1060 2891 1250 2956 oppugnare
1268 2879 1408 2948 conatus,

261 2955 328 3020 uod
344 2978 485 3021 uacuum
503 2955 544 3022 ab
560 2955 784 3022 defensoribus
798 2978 867 3020 esse
881 2954 1043 3037 audiebat,
1083 2964 1193 3041 ropter
1205 2953 1437 3020 latitudinem5

238 2977 345 3106 fossae
363 3043 511 3143 murique
526 3041 730 3107 altitudinem
747 3042 861 3133 paucis
882 2978 1127 3106 defendentibus
1142 3062 1330 3125 expugnare
1343 3061 1409 3103 non

208 3130 228 3193 3
238 3128 350 3211 potuit.
361 3126 483 3216 Castus
491 3129 622 3193 munitis
629 3129 741 3192 mneas
748 3149 853 3213 agere,
863 3148 1011 3212 quaeque
1020 3125 1062 3190 ad
1072 3125 1327 3217 oppugnandum
1336 3125 1409 3188 usui

237 3315 440 3324 -—--—-..

238 3433 279 3486 17.
298 3431 396 3486 aeduos
414 3431 449 3486 M
465 3431 564 3487 heduos
581 3433 608 3485 A
625 3431 724 3486 heduos
742 3430 770 3485 B
814 3430 1011 3485 bellousccrum
1030 3450 1048 3484 α
1066 3429 1267 3496 bellousgorum
1285 3428 1408 3500 ssBeorr.

239 3583 422 3654 adppinquere
442 3584 507 3639 A⁴T
520 3585 729 3654 appropinquare
747 3583 775 3638 Β
810 3582 851 3636 18.
861 3543 978 3651 sdilutius
996 3582 1032 3640 Β,

777 3685 834 3724 h}

307 3736 354 3790 XI.
395 3739 417 3793 l.
445 3741 524 3804 eatm)
547 3736 674 3809 re(m)·B
725 3737 750 3790 5.
792 3717 833 3790 ab
840 3735 868 3790 Β
919 3736 944 3791 6.
968 3735 1139 3791 discederunt
1168 3735 1207 3790 Β1
1260 3737 1283 3790 7.
1302 3733 1408 3788 lucaeA

239 3822 263 3876 8.
282 3820 402 3890 equitum
419 3822 457 3876 Α1
496 3821 594 3891 qui-
612 3821 755 3890 Quintum]
774 3836 824 3875 om.
842 3820 881 3875 Α1
915 3822 939 3876 9.
958 3819 1000 3874 his
1019 3840 1038 3876 α
1055 3820 1112 3890 eiq,
1129 3821 1253 3893 flBcorr.
1307 3819 1348 3874 10.
1366 3819 1409 3872 Ti-

239 3905 308 3975 tum]
332 3912 420 3978 omss
462 3910 503 3963 17.
525 3906 626 3976 fugem)
644 3905 672 3960 B
710 3905 800 3975 psidiu
817 3905 844 3959 A
867 3904 1013 3974 presidium
1030 3905 1059 3960 Β
1098 3906 1138 3961 19.
1162 3906 1283 3974 quantun
1301 3902 1329 3957 Β
1367 3903 1408 3956 20.

239 3990 404 4046 destiterunt
423 4013 441 4048 α
460 3993 536 4062 sequi
554 3991 718 4046 destiterunt
736 3986 801 4061 ssB²
835 3990 876 4045 21.
895 3992 1066 4058 resceperunt
1083 3990 1118 4044 A.

308 4092 368 4148 XII.
405 4095 429 4149 1.
447 4093 513 4149 Post
541 4094 621 4148 tridie
639 4093 693 4148 AB
711 4093 809 4162 (possea
828 4110 841 4144 r
859 4092 958 4155 Beer.)
1012 4108 1040 4146 se
1057 4093 1148 4147 hostes
1176 4111 1194 4148 α
1228 4091 1319 4146 hostes
1346 4094 1412 4158 sess

239 4178 264 4232 2.
288 4180 387 4234 terrore
412 4200 430 4235 α
466 4195 563 4248 pauore
593 4184 614 4249 β
672 4180 696 4234 3.
723 4178 852 4248 confecto]
881 4177 930 4231 del,
959 4175 1118 4247 Nipperdey
1175 4177 1199 4230 4.
1227 4177 1356 4245 cognatus
1383 4174 1410 4227 A
1505 4222 1508 4228 .

239 4333 263 4389 Ἰ.
282 4280 424 4400 aalma.
