3154 5068
583 480 594 500 ‘-
706 401 734 461 v
1265 397 1304 461 97

141 566 233 646 boris,
255 574 367 628 tamen
386 563 683 629 commodissimum
703 587 772 630 esse
790 567 901 630 statuit
928 589 1040 630 omnes
1056 589 1156 630 naues
1172 566 1308 631 subduci

20 719 21 722 ,
98 658 132 716 10
141 661 169 715 et
189 672 264 714 oum
287 649 400 714 castris
426 671 492 712 una
522 650 697 714 munitione
719 651 879 735 coniungi.
922 651 961 715 In
984 651 1035 715 his
1064 651 1161 716 rebus
1184 653 1337 720 circiterli
1357 689 1380 706 s

20 771 21 822 4
140 735 202 800 dies
224 735 259 798 X
283 735 443 800 consumit
472 757 512 798 ne
534 735 699 799 nocturnis
722 735 851 820 quidem
872 736 1074 821 temporibus
1097 737 1139 801 ad
1162 736 1308 802 laborem

20 827 22 904 ξ
138 819 274 884 militum
291 819 489 884 intermissis.
534 818 708 884 Subductis
726 821 865 885 nauibus
888 822 1106 906 castrisquee
1146 823 1217 907 egio
1239 827 1335 889 mul

20 925 22 946 ³
137 905 208 970 nitis
230 905 366 970 easdem
388 925 425 969 co
450 905 507 986 ias,
530 926 611 989 quas
636 914 718 986 ante,
739 905 900 990 praesidio
923 904 1061 970 nauibus
1082 907 1220 993 reiquit,
1237 909 1307 992 ipse

20 1023 21 1026 ¹
138 990 257 1072 eodem,
284 989 427 1054 undere
453 990 539 1071 ⁸erat,
561 988 786 1136 proficiscitur.
829 991 975 1055 Eccum
997 991 1146 1074 uenisset,
1167 993 1336 1059 maiores8

98 1077 198 1140 Iliam
228 1073 374 1160 undique
404 1075 438 1138 in
467 1096 541 1138 eum
577 1097 671 1140 ocum
702 1076 815 1160 copiae
836 1075 1064 1140 Britannorum
1090 1087 1307 1142 conuenerant

136 1183 261 1224 summa
289 1159 419 1259 imperii
444 1158 585 1244 bellique
617 1159 865 1224 administrandi
894 1163 1054 1225 communi
1079 1160 1213 1226 consilio
1235 1185 1306 1248 per·
1411 1181 1414 1187 ·

136 1248 231 1310 missa
250 1243 515 1327 Cassiuellauno3
537 1246 630 1308 cuius
647 1243 727 1310 fines
750 1268 770 1309 a
787 1245 958 1309 maritimis
982 1246 1167 1311 ciuitatibus
1186 1245 1306 1311 fiumen

138 1329 261 1412 diuidit,
282 1329 370 1415 quod
388 1328 569 1415 appellatur
584 1329 743 1410 Tamesis,
761 1352 781 1393 a
798 1330 882 1394 mari
900 1332 1025 1395 circiter
1043 1331 1133 1395 milia
1149 1354 1306 1416 passuum
1322 1368 1348 1384 ω

135 1415 270 1480 LXXX.
334 1414 423 1478 Huic
453 1415 618 1500 superiore
655 1423 800 1500 tempore
840 1436 913 1479 cum
946 1415 1078 1564 relirpris
1117 1416 1334 1483 ciuitatibus9

79 1501 333 1572 ¹tOoontinantia
364 1498 451 1563 bella
481 1499 737 1583 intercesserant3
769 1499 825 1564 sed
854 1509 964 1564 nostro
997 1524 1017 1564 a
1039 1510 1136 1566 uentu
1167 1503 1306 1588 permoti

136 1585 284 1650 Britanni
305 1585 392 1649 hunc
413 1585 472 1648 toti
492 1583 580 1648 bello
603 1585 805 1669 imperioque
825 1585 1056 1670 praefecerant.

216 1670 297 1734 XII.
319 1669 509 1734 Britanniae
535 1691 613 1754 pars
639 1669 771 1734 interior
792 1668 835 1733 ab
858 1671 898 1734 iis
919 1669 1083 1754 incolitur,
1111 1692 1191 1756 quos
1213 1676 1333 1738 natosl

136 1755 296 1820 ininsula
318 1755 382 1841 ipsi
404 1753 561 1819 memoria
578 1753 744 1840 proditum
762 1753 881 1837 dicunt,
903 1757 1075 1820 marituma
1093 1779 1170 1841 pars
1193 1756 1235 1820 ab
1257 1757 1336 1838 tien

138 1841 188 1925 qui
200 1840 345 1927 praedae
361 1839 412 1923 [ac
428 1838 507 1903 belli
527 1838 695 1922 inferendi]
717 1861 816 1913 causa
833 1863 876 1904 ex
892 1839 1007 1926 Belgio
1026 1843 1219 1906 transierant
1238 1843 1306 1927 (qui

137 1948 243 1991 omnes
266 1925 335 1990 fere
356 1925 396 1988 iis
413 1924 598 1989 nominibus
621 1925 790 1988 ciuitatum
807 1924 1020 2011 appellantur,
1044 1925 1160 2012 quibus
1179 1929 1241 1991 orti
1264 1949 1306 1990 ex

113 2009 320 2076 trinitatibus
348 2032 385 2074 eo
440 2011 643 2090 eruenerunt)
685 2019 717 2074 et
749 2009 830 2074 bello
862 2009 961 2075 inlato
988 2011 1037 2076 ibi
1062 2023 1306 2097 permanserrmt

136 2105 228 2162 atus
250 2118 351 2181 agros
374 2033 477 2160 coidre
501 2103 683 2180 coeperunt.
716 2094 897 2159 Hominum
919 2106 967 2160 est
988 2095 1113 2160 infinita
1131 2096 1334 2162 multitudo3

137 2203 183 2248 ore
207 2183 394 2266 errimaque
417 2179 566 2244 aedificia
586 2179 652 2244 fere
671 2178 807 2244 Gallicis
835 2179 1023 2263 consimilia,
1052 2202 1207 2266 pecorum
1237 2204 1304 2245 ma-

136 2289 213 2350 gnus
235 2288 398 2332 numerus.
441 2265 583 2330 Vtuntur
603 2263 670 2347 [aut
692 2265 775 2348 aere]
801 2275 856 2328 aut
877 2288 1009 2330 nummo
1033 2289 1129 2330 aureo
1154 2289 1196 2330 au
1217 2266 1334 2330 taliist

136 2351 242 2418 ferreis
274 2350 317 2416 ad
346 2359 469 2414 certum
497 2349 625 2436 pondus
656 2351 848 2414 examinatis
878 2373 938 2435 pro
968 2373 1110 2416 nummo.
1152 2351 1334 2416 Nascitur5

96 2445 128 2502 10
136 2436 178 2501 ibi
198 2435 373 2523 plumbum
395 2434 508 2500 album
529 2436 564 2500 in
586 2434 827 2500 mediterraneis
848 2434 1046 2520 regionibus,
1068 2437 1103 2500 in
1124 2437 1304 2501 maritumis

137 2521 261 2605 ferrum,
285 2521 342 2586 sed
364 2522 432 2586 eius
455 2521 576 2603 exigua
599 2529 646 2584 est
664 2543 701 2585 co
726 2520 771 2602 ia,
794 2541 867 2584 acre
888 2529 1020 2585 uttmtur
1037 2523 1070 2584 in
1095 2531 1208 2586 ortato.
1235 2521 1304 2585 Ma·
1334 2565 1336 2571 ‚

135 2609 210 2672 teria
231 2609 324 2672 cuius
347 2629 388 2672 ue
419 2607 553 2691 generis,
575 2614 611 2669 ut
637 2605 671 2668 in
730 2603 814 2687 allia,
836 2614 884 2668 est
901 2616 1031 2690 praeter
1075 2629 1175 2692 agum
1208 2617 1305 2692 atque

136 2691 278 2764 abietem.
321 2629 485 2776 {eporem
515 2701 546 2756 et
577 2689 732 2775 gallinam
761 2698 793 2754 et
821 2711 967 2754 anserem
998 2701 1129 2776 gustare
1157 2692 1208 2756 fas
1238 2693 1334 2756 nonii

136 2944 172 3001 10.
189 2945 338 3000 mnnItions
356 2941 492 3012 coniungi]
511 2941 660 2997 mutatione
678 2941 806 3010 subiungi
823 2940 850 2996 A
877 2943 917 2996 12.
927 2942 1042 3011 egregia
1059 2943 1086 2997 A
1105 2943 1145 2998 13.
1156 2960 1221 3014 quas
1238 2947 1302 3000 ante

135 3030 259 3097 praesidio
276 3028 372 3100 (psidie
389 3026 426 3097 A)
444 3026 556 3081 nauibus
575 3047 593 3078 α
610 3041 661 3096 que
679 3029 743 3080 ante
761 3026 847 3096 psidie
865 3027 977 3082 nauibus
995 3027 1104 3081 fuerant
1122 3035 1140 3096 β
1192 3030 1303 3099 reliquit

135 3115 185 3169 AT
205 3113 321 3186 reliquid
339 3111 400 3166 MR
426 3110 555 3181 relinquit
577 3110 605 3166 U
652 3111 693 3168 15.
712 3112 765 3165 iam
794 3131 819 3177 α,
846 3119 925 3180 coast
976 3111 1158 3167 brittanorum
1175 3114 1202 3168 A
1219 3114 1304 3169 brita-

135 3255 195 3303 non'r
211 3249 239 3304 Β
292 3251 335 3304 17.
354 3246 535 3302 casiuellauno
554 3265 571 3297 α
590 3245 819 3314 cassinellaunop
863 3247 905 3302 18.
923 3196 994 3302 didit
1011 3247 1040 3302 Β
1074 3248 1116 3302 21.
1126 3248 1261 3304 brIttanni
1277 3250 1304 3304 A

136 3333 248 3389 britanni
265 3331 328 3388 ΜΒ
361 3331 530 3399 21.imperio¹
541 3346 609 3400 quae
619 3329 648 3383 Β
664 3331 831 3399 prefecerant
848 3331 913 3385 A‘B

196 3419 293 3489 Capita
301 3417 362 3473 XII.
381 3409 455 3473 XIII.
472 3415 552 3469 XIIII
572 3413 684 3470 Caesari
701 3415 869 3471 abiudicauit
891 3415 965 3472 Wea.

196 3505 258 3560 XII.
296 3500 566 3559 remansione
606 3501 716 3556 interior
733 3501 802 3556 ΜΒ
819 3502 929 3556 inferior
947 3509 974 3572 β,
996 3517 1046 3558 om,
1065 3502 1091 3557 A
1126 3503 1160 3557 iis
1176 3503 1231 3558 AB
1248 3502 1302 3559 hiis

136 3588 168 3644 M
179 3589 220 3645 his
238 3598 256 3659 β
282 3591 307 3644 2.
326 3588 473 3642 Marituma
491 3585 517 3640 A
534 3586 661 3682 maritum
678 3586 706 3640 Β
723 3586 829 3656 moritui
849 3586 878 3642 Β
895 3587 1033 3643 Maritima
1050 3588 1103 3656 Μβ
1136 3588 1170 3642 iis
1189 3609 1207 3640 α
1223 3589 1266 3643 his
1284 3596 1304 3656 β

135 3727 156 3782 3.
172 3727 236 3797 pise
253 3727 281 3780 A
334 3741 364 3779 ac
381 3724 447 3779 belli
464 3720 607 3791 inferendi]
635 3721 684 3776 dez.
704 3721 798 3776 Halter
849 3722 1015 3778 transierant
1037 3685 1199 3794 (transierit
1223 3724 1260 3789 Β)
1284 3745 1301 3776 α

135 3812 332 3878 transieruntfl
365 3813 390 3863 4.
408 3809 442 3862 iis
461 3827 479 3859 α
495 3807 575 3875 hisp
609 3807 751 3860 ciuItatum
772 3807 819 3860 ar
832 3807 985 3890 quitatium
1009 3807 1036 3862 U
1065 3808 1090 3864 5.
1100 3812 1301 3878 permanserunt

137 3917 152 3948 a
167 3897 350 3952 remanserunt
368 3901 386 3962 β
404 3894 428 3949 6.
437 3894 564 3962 ceperunt
580 3891 615 3944 A·
634 3893 657 3946 I.
676 3890 806 3947 Pacorum
823 3891 941 3963 (Precolt
950 3892 993 3960 Μ)
1011 3904 1124 3962 magnus
1142 3911 1265 3950 numerus
1284 3915 1302 3947 a

135 3981 228 4050 pecoris
245 3995 372 4034 numerus
390 3977 521 4046 ingensfl
555 3977 580 4031 8.
599 3975 734 4044 auterre]
753 3975 803 4030 det.
820 3977 958 4032 Vieihaber
993 3978 1063 4050 aare]
1080 3995 1125 4034 are
1145 3980 1189 4035 Μ1
1223 3997 1303 4036 aureo

138 4073 277 4134 asereop
312 4079 348 4118 an
365 4062 439 4116 taliis
457 4061 556 4132 scripsi
571 4062 620 4115 aut
637 4061 699 4114 aliis
719 4060 829 4117 auant
846 4063 971 4118 taleisI'
1003 4064 1169 4134 9.pnfimmo
1186 4065 1229 4131 M,
1249 4083 1300 4121 orn.

137 4208 152 4268 β
191 4202 232 4257 10.
249 4199 401 4255 maritumis
417 4198 453 4252 A‘
476 4148 628 4318 marcilium
645 4195 674 4250 Β
723 4198 764 4252 11.
783 4199 840 4253 eius
859 4218 884 4264 α,
904 4207 991 4270 coar
1043 4201 1083 4255 12.
1101 4204 1182 4270 atque
1202 4221 1219 4253 α
1237 4204 1305 4270 etp

20 4375 21 4386 ,
137 4320 173 4376 13.
190 4337 310 4376 anserem
327 4319 363 4373 Β

182 4405 280 4448 Caesena
291 4405 371 4447 bellurn
386 4402 501 4444 Gallicum.
1081 4406 1096 4460 ι]
