3154 5068
240 387 300 452 160
792 390 855 450 VH

239 580 316 622 uero
341 579 474 642 operam
491 578 597 642 neque
618 559 651 620 in
673 554 744 624 loco
768 553 905 641 palustri
923 554 1101 620 desiderari
1120 554 1270 620 debuisse
1288 565 1320 620 et
1342 554 1413 620 illie

208 642 340 707 bfuisse
357 641 478 722 utilem,
501 664 564 727 quo
588 642 652 706 sint
700 640 822 706 refecti.
867 639 1036 706 Summam
1053 643 1181 726 imperii
1208 663 1241 705 se
1259 640 1409 706 consulto

238 727 319 792 nulli
342 726 558 792 discedentem
575 726 661 790 tradi
684 728 756 808 isse,
778 747 819 790 ne
834 727 860 790 is
883 725 1099 790 multitudinis
1121 725 1228 790 studio
1252 726 1296 790 ad
1313 725 1410 790 dimi-

240 813 380 878 candum
411 810 627 897 inpelleretur3
651 811 704 876 cui
725 812 773 875 rei
822 820 931 896 ropter
958 812 1059 876 animi
1084 810 1253 876 mollitiem
1280 809 1410 876 studere

208 897 350 963 domnes
368 897 502 978 uideret,
520 897 608 982 quod
626 895 746 961 diutius
764 833 910 961 lalorem
928 895 1012 960 ferre
1029 917 1094 960 non
1109 905 1248 982 possent.
1265 896 1410 964 Romani
1426 902 1465 960 15

239 985 267 1048 si
289 1004 367 1046 casu
384 983 621 1064 interuenerint,
639 981 801 1062 fortunae,
828 982 856 1044 si
879 980 1015 1046 alicuius
1036 980 1158 1048 indicio
1185 982 1303 1063 uocati,
1330 981 1409 1046 huic

237 1066 424 1134 habendam
441 1069 592 1152 gratiam,
602 1066 691 1153 quod
708 1076 740 1131 et
751 1068 950 1152 paucitatem
969 1089 1080 1130 eorum
1099 1089 1140 1132 ex
1151 1065 1222 1132 loco
1241 1067 1409 1152 superiore

239 1174 433 1238 cognoscere
456 1161 487 1216 et
512 1154 664 1217 uirtutem
687 1150 851 1237 despicere
878 1153 1053 1236 potuerint,
1077 1154 1134 1238 qui
1160 1151 1316 1216 dimicare
1341 1174 1409 1217 non

210 1237 310 1304 lausi
331 1238 467 1336 turpiter
485 1259 520 1302 se
541 1239 576 1301 in
598 1246 704 1302 castra
721 1235 909 1321 receperint.
952 1235 1130 1321 Imperium
1152 1259 1186 1302 se
1205 1235 1247 1301 ab
1266 1235 1409 1302 Caesare

237 1345 295 1410 per
304 1322 523 1409 proditionem
531 1321 656 1386 nullum
676 1321 866 1403 desiderare,
911 1320 978 1386 uod
992 1320 1112 1386 habere
1130 1322 1271 1386 uictoria
1288 1331 1409 1406 posset,
1419 1327 1464 1384 20

239 1431 323 1494 quae
332 1410 398 1472 iam
417 1417 501 1472 esset
522 1406 586 1471 sibi
604 1417 701 1493 atque
720 1405 870 1472 omnibus
881 1344 988 1471 (lallis
1007 1405 1193 1490 explorata3
1212 1407 1289 1491 quin
1308 1408 1408 1472 etiam

235 1495 316 1580 ipsis
348 1494 519 1574 remittere,
546 1493 574 1556 si
601 1492 664 1557 sibi
682 1493 786 1577 magis
813 1491 970 1557 honorem
999 1491 1150 1573 tribuere,
1179 1513 1279 1578 quam
1302 1491 1343 1556 ab
1373 1515 1409 1556 se

209 1577 374 1643 8salutem
397 1579 544 1663 accipere
561 1578 740 1643 uideantur.
780 1575 886 1641 ‘Haec
903 1586 940 1640 ut
956 1572 1158 1660 intellegatis'
1178 1577 1284 1662 inquit
1302 1575 1337 1640 ‘a
1356 1599 1409 1641 me

209 1662 361 1728 9sincero
381 1663 598 1748 pronuntiari,
617 1661 726 1727 audite
746 1662 912 1727 Romanos
939 1658 1075 1726 milites’.
1109 1661 1265 1726 Producit
1287 1684 1409 1744 seruos,

240 1769 321 1833 quos
338 1749 373 1811 in
395 1746 603 1832 pabulatione
620 1749 734 1833 paucis
752 1757 827 1812 ante
846 1746 961 1812 diebus
984 1757 1157 1848 exceperat
1183 1756 1215 1811 et
1231 1747 1319 1812 fame
1335 1747 1408 1812 uin-
1419 1751 1462 1808 25

189 1832 385 1918 IOculisque
409 1835 662 1898 excruciauerat.
705 1832 751 1896 Hi
777 1835 844 1897 iam
867 1841 940 1898 ante
966 1832 1082 1915 edoctr,
1109 1854 1192 1919 quae
1214 1833 1409 1917 interrogati

239 1919 493 2005 pronuntiarent,
510 1917 629 1982 milites
648 1939 682 1982 se
696 1939 766 1982 esse
783 1916 978 2002 legionarios
997 1917 1124 2000 dicunt3
1142 1916 1229 1982 famo
1247 1927 1278 1981 et
1295 1918 1409 2002 inopia

240 2003 397 2070 adductos
421 2002 505 2067 clam
532 2025 574 2067 ex
600 2005 714 2068 castris
740 2003 859 2085 exisse,
886 2002 994 2088 siquid
1021 2003 1174 2068 frumenti
1201 2012 1257 2066 aut
1279 2004 1408 2087 pecoris

190 2090 227 2152 11
238 2091 272 2155 in
287 2089 375 2174 agris
393 2088 533 2174 reperire
550 2097 694 2174 possent,
713 2087 811 2152 simili
830 2110 957 2152 onmem
966 2089 1144 2153 exercitum
1161 2087 1274 2173 inopia
1315 2088 1407 2169 remi,

237 2197 297 2240 nec
327 2176 395 2239 iam
422 2175 507 2238 uires
537 2173 685 2238 sufficere
712 2173 905 2259 cuiusquam
926 2194 986 2237 nec
1010 2173 1095 2238 ferre
1122 2174 1228 2259 operis
1259 2111 1406 2238 lalorcm
1417 2176 1460 2234 30

237 2282 347 2346 posse3
372 2260 482 2344 itaque
509 2261 659 2324 staurisse
683 2261 921 2344 imperatorem,
947 2259 976 2322 si
996 2257 1077 2322 nihil
1103 2260 1179 2324 ino
1204 2259 1406 2366 pugnatione

189 2343 227 2408 12
239 2344 352 2431 oppidi
372 2344 598 2495 profecissent,
624 2343 732 2409 triduo
752 2343 929 2408 exercitum
951 2343 1117 2408 deducere.
1157 2281 1264 2406 ‘liaeo
1300 2344 1407 2428 inquit

233 2429 267 2495 ‘a
285 2425 356 2510 me',
406 2430 636 2514 ercingetorix,
659 2427 832 2502 ‘beneficia
849 2427 985 2509 habetis,
1004 2450 1099 2514 quem
1117 2429 1311 2515 proditionis
1329 2429 1407 2492 insi·

237 2515 380 2597 mulatis3
407 2515 498 2578 cuius
526 2536 626 2598 opera
656 2516 724 2580 sine
752 2523 860 2578 uestro
888 2514 1046 2598 sanguine
1070 2523 1198 2578 tantum
1225 2513 1406 2578 exercitum

235 2603 392 2666 uictorem
416 2599 503 2663 fame
522 2609 748 2684 consumptum
769 2598 900 2682 uidetis3
923 2621 1020 2685 quem
1041 2600 1177 2685 turpiter
1200 2621 1234 2662 se
1257 2621 1300 2663 ex
1324 2597 1456 2682 fuga35

234 2687 443 2770 recipientem
452 2705 560 2769 nequa
582 2685 696 2748 ciuitas
706 2687 772 2749 suis
781 2683 901 2748 finibus
909 2685 1151 2769 recipiat,ame
1159 2685 1329 2769 prouisum
1338 2693 1405 2748 est.

321 2769 415 2834 XXI.
451 2767 644 2834 Conclamat
662 2770 766 2834 omnis
788 2767 960 2834 multitudo
985 2779 1016 2832 et
1033 2792 1090 2834 suo
1107 2791 1196 2834 more
1214 2770 1314 2833 armis
1330 2790 1404 2833 con-

208 2855 355 2942 lcrepat,
379 2853 467 2940 quod
489 2854 595 2918 facere
622 2856 656 2918 in
678 2876 715 2918 eo
745 2864 945 2937 consuerrmt,
968 2855 1058 2918 citius
1087 2855 1267 2919 orationem
1286 2853 1403 2939 adpro·

233 2941 326 3023 bant,
348 2962 510 3004 summum
532 2961 602 3003 esse
618 2939 919 3024 Vercingetorigem
942 2938 1066 3021 ducem,
1089 2961 1149 3004 nec
1176 2938 1216 3003 de
1244 2939 1314 3002 eius
1339 2937 1405 3002 fide

234 3025 463 3105 dubitandum,
496 3045 555 3088 nee
586 3025 709 3089 maiore
744 3026 869 3088 ratione
901 3022 1024 3088 bellum
1051 3023 1271 3089 administrari
1297 3045 1404 3108 posse.

202 3109 394 3192 2Statuunt,
420 3119 456 3174 ut
481 3107 515 3172 X
541 3109 632 3173 milia
658 3109 826 3174 hominum
858 3108 982 3173 delecta
1007 3131 1050 3172 ex
1072 3108 1222 3174 omnibus
1249 3110 1352 3194 copiis
1370 3111 1404 3172 in
1434 3112 1453 3170 t

231 3401 272 3455 11.
296 3347 447 3467 desiderari}
464 3397 491 3451 A
508 3396 566 3450 illio
585 3403 602 3465 β
620 3395 676 3450 illis
695 3416 713 3448 α
731 3396 772 3451 13.
790 3397 814 3450 is
831 3365 906 3452 R'is
924 3395 958 3450 Μ
975 3395 1017 3449 his
1033 3394 1117 3465 ABp
1134 3395 1173 3450 14.
1183 3394 1368 3464 impelleretur
1385 3399 1405 3466 β

229 3536 375 3607 inpelletur
393 3553 411 3589 α
462 3533 603 3588 molliciem
622 3534 658 3587 A‘
693 3534 733 3588 16.
752 3532 947 3587 interemerint
964 3537 985 3605 β
1000 3531 1197 3588 interuenirent
1216 3551 1234 3588 u
1278 3531 1320 3586 19.
1338 3531 1402 3586 reci·
1523 3562 1526 3566 ·

228 3622 317 3692 perint
334 3619 361 3674 A
378 3618 412 3673 ab
431 3637 450 3674 α
466 3635 483 3673 a
499 3623 521 3690 β
552 3619 597 3673 20.
615 3619 704 3687 posset
722 3637 741 3673 α
758 3617 843 3685 possit
859 3621 880 3689 β
912 3617 954 3672 22.
973 3617 1112 3672 remittere
1131 3615 1262 3671 Estienne
1279 3615 1401 3670 remitte·

228 3711 270 3763 ret
289 3706 321 3760 X
355 3704 399 3759 23.
418 3702 512 3773 inquid
529 3703 558 3757 B
600 3703 642 3758 25.
660 3701 825 3771 uinculisque
845 3722 864 3758 α
880 3702 1041 3774 circinat
1081 3702 1124 3756 26.
1142 3701 1178 3755 Hi
1197 3701 1227 3770 (ii
1244 3701 1271 3754 A
1289 3701 1336 3754 Illi
1353 3699 1400 3770 M)

227 3794 281 3847 iam
297 3793 363 3846 aute
381 3789 468 3844 edocti
487 3808 506 3844 α
528 3789 580 3842 Hic
597 3789 624 3843 ia
641 3786 751 3858 doctifl
784 3803 814 3856 q;
833 3786 903 3856 Bpr.
938 3788 980 3842 27.
998 3786 1074 3855 longi
1090 3788 1195 3843 ouerios
1212 3787 1239 3841 A
1275 3791 1304 3840 et
1322 3806 1341 3843 α
1358 3788 1400 3840 at·

228 3882 316 3949 quess
357 3877 398 3931 29.
416 3877 530 3943 reperire
548 3873 583 3927 A‘
608 3873 740 3944 repperire
758 3871 787 3926 B
838 3875 945 3940 possent
965 3892 982 3924 a
1000 3872 1142 3943 possintss
1174 3872 1266 3941 premi
1283 3872 1313 3926 B
1357 3872 1398 3928 32.

226 4013 368 4082 pficissent
385 4011 448 4066 A‘B
481 4009 600 4065 triduum
616 4010 651 4064 A'
669 3956 839 4079 (diducereB
872 4007 1020 4078 pdeducere
1039 4007 1068 4064 R
1093 4008 1135 4063 33.
1153 4007 1284 4077 pdioionis
1302 4009 1339 4063 A‘
1355 4008 1397 4062 33.

227 4100 411 4165 consumptum
432 4116 449 4148 a
467 4111 533 4164 pene
550 4096 719 4166 consripttiss
750 4093 817 4162 fuga
836 4115 854 4146 α
871 4095 921 4148 hac
938 4093 1003 4163 tuga
1021 4101 1046 4163 β.

240 4213 250 4228 .
295 4181 368 4236 XXI.
387 4183 410 4236 1.
421 4175 534 4235 Clamat
548 4179 575 4234 A
609 4179 634 4234 2.
652 4177 762 4252 eo]eA
798 4182 958 4233 consuerunt
977 4198 994 4229 α
1011 4180 1242 4245 consueuerantfl
1265 4176 1289 4232 5.
1310 4177 1393 4231 .X.rir

225 4320 252 4373 A
286 4318 319 4372 x.
337 4321 359 4372 s
377 4317 414 4372 n
427 4277 459 4370 l.
478 4316 506 4370 Β
522 4265 583 4369 ''ii'‘
599 4314 628 4371 n
646 4314 677 4370 ,Χ
695 4315 745 4370 mu
765 4315 791 4368 r
804 4303 845 4370 ΤΧ
869 4314 896 4370 u
909 4315 993 4391 apis
1012 4322 1030 4384 ,a
1047 4315 1112 4370 nus
1132 4334 1157 4368 α.
