3202 5068
732 375 805 469 'vn
1296 405 1356 469 191

147 579 181 638 15
212 572 286 636 edes
317 570 526 637 fodiebantur
580 572 713 636 aulatim
745 575 932 658 angustiore
966 574 1009 638 ad
1040 573 1186 638 infimum
1217 573 1357 659 fastigio.

222 680 262 720 uc
280 667 396 722 teretes
415 658 538 741 stipites
555 595 684 722 leminis
702 658 916 723 crassitudine
938 657 979 722 ab
998 681 1124 723 summo
1143 661 1310 744 praeacuti
1328 658 1387 723 etb

190 743 333 828 praeusti
352 741 604 806 demittebantur
625 743 680 823 ita,
701 753 738 806 ut
759 766 824 806 non
847 742 986 829 amplius
1009 742 1118 827 digitis
1141 753 1295 828 quattuor
1316 766 1359 807 ex

189 837 274 890 terra
292 829 479 909 eminerent3
506 825 602 891 simul
624 826 837 891 confirmandi
860 838 890 892 et
917 827 1100 892 stabiliendi
1123 850 1222 891 causa
1240 827 1386 913 singuli?

189 910 229 975 ab
252 910 365 975 infimo
386 910 454 975 solo
473 910 572 996 pedes
591 921 678 976 terra
696 911 962 977 exculcabantur·
988 911 1113 998 reliqua
1134 934 1211 998 pars
1235 911 1358 976 scrobis

144 1004 181 1061 20
189 995 231 1060 ad
246 995 458 1079 occultandas
469 995 604 1060 insidias
618 995 793 1060 uiminibus
808 1019 846 1060 ac
854 961 1003 1082 uirgultis
1018 996 1230 1081 integebatur.
1253 996 1387 1062 Huius8

188 1083 315 1165 generis
335 1083 443 1145 octoni
461 1079 588 1145 ordines
611 1080 699 1144 ducti
716 1090 823 1146 ternos
841 1085 922 1146 inter
940 1104 973 1146 se
994 1081 1093 1167 pedes
1116 1079 1287 1145 distabant.
1319 1080 1359 1144 Id

189 1187 231 1228 ex
258 1164 467 1229 similitudine
495 1163 585 1229 floris
616 1164 719 1229 lilium
745 1189 765 1229 a
789 1165 963 1251 pellebant.
1022 1165 1109 1230 Ante
1143 1165 1225 1228 haec
1260 1164 1388 1228 taliae9

193 1249 310 1335 pedem
328 1249 447 1335 longae
468 1249 581 1314 ferreis
596 1249 701 1314 hamis
715 1252 748 1313 in
773 1253 913 1315 xistotae
928 1253 1098 1314 interram
1114 1249 1358 1313 infodiebantur

192 1334 472 1419 mediocribusque
493 1336 684 1398 intermissis
708 1335 973 1420 spatiisomnibus
1000 1336 1079 1399 locis
1106 1333 1358 1415 disserebantur,

144 1425 180 1484 25
192 1441 272 1504 quos
293 1418 438 1483 stimulos
460 1418 680 1483 nominabant.

274 1503 449 1567 LXXIIII.
477 1503 537 1566 His
552 1504 650 1568 rebus
665 1504 815 1590 perfectis
833 1505 981 1589 regiones
996 1512 1124 1568 secutus
1141 1525 1239 1589 quam
1254 1503 1387 1650 potuitl

191 1589 404 1672 aequissimas
430 1610 489 1674 pro
516 1587 579 1653 loci
603 1598 720 1652 natura
745 1588 849 1652 XIIII
875 1588 964 1652 milia
998 1611 1154 1674 passuum
1181 1609 1265 1671 conp
1279 1608 1358 1650 exus

190 1675 279 1757 paris
302 1672 446 1737 eiusdem
471 1675 596 1757 generis
614 1675 815 1754 munitiones,
833 1673 978 1738 diuersas
997 1672 1038 1737 ab
1061 1673 1120 1754 his,
1143 1682 1254 1736 contra
1272 1681 1358 1735 exte-

190 1758 308 1821 riorem
330 1757 456 1822 hostem
478 1757 620 1842 perfecit,
638 1768 674 1821 ut
691 1780 732 1821 ne
749 1779 871 1842 magna
890 1758 1021 1843 quidem
1039 1757 1251 1837 multitudine,
1269 1758 1296 1819 si
1313 1757 1359 1820 ita

163 1841 327 1923 baccidat,
356 1842 435 1925 [eius
458 1841 612 1924 discessu]
637 1845 850 1907 munitionum
870 1842 1033 1928 praesidia
1055 1840 1269 1907 circumfundi
1285 1863 1359 1925 pos-

189 1937 270 2008 sent,
292 1949 333 1993 rac
355 1935 457 1992 autem
479 1949 553 1990 cum
570 1926 714 2013 periculo
733 1950 775 1992 ex
797 1929 910 1992 castris
929 1926 1036 2013 egredi
1060 1936 1207 2012 cogatur,
1234 1925 1389 1990 dierum‘l

189 2010 291 2074 XXX
336 2010 469 2075 ebulum
491 2011 751 2097 frumentumque
773 2012 893 2076 habere
917 2035 1027 2076 omnes
1050 2021 1241 2076 conuectum
1262 2009 1359 2072 iubet.

274 2033 411 2160 LXXV.
433 2097 523 2159 Dum
544 2096 625 2160 haec
647 2097 737 2181 apud
762 2095 908 2161 Alesiam
930 2106 1092 2182 gerrmtur,
1114 2094 1202 2161 Galli
1225 2092 1387 2160 conciliol

193 2182 374 2265 principum
395 2179 515 2246 indicto
538 2203 604 2245 non
626 2204 737 2246 omnes
764 2181 833 2262 hos,
860 2183 915 2266 qui
945 2204 1036 2245 arma
1062 2180 1146 2244 ferre
1163 2188 1302 2264 possent,
1324 2186 1360 2241 ut

193 2267 315 2328 censuit
332 2266 589 2350 Vercingetorix,
612 2265 843 2330 conuocandos
851 2274 1007 2346 statuunt,
1031 2265 1088 2329 sed
1106 2274 1228 2329 certum
1249 2284 1359 2326 nume·

190 2371 262 2413 rum
285 2351 401 2435 cuique
423 2373 466 2414 ex
484 2352 614 2415 ciuitate
631 2350 867 2435 imperandum,
889 2374 930 2415 ne
947 2359 1038 2414 tanta
1060 2348 1264 2418 multitudine
1286 2369 1358 2412 eon-

163 2433 262 2499 bfusa
279 2447 340 2498 nec
362 2434 522 2499 moderari
543 2457 604 2499 nec
626 2435 807 2499 discernere
834 2458 909 2500 suos
932 2457 992 2500 nec
1018 2433 1236 2499 frumentandi
1263 2433 1359 2496 ratio-

190 2541 263 2582 nem
280 2518 402 2583 habere
419 2530 558 2605 possent.
603 2519 768 2605 Imperant
786 2521 912 2586 Aeduis
931 2531 1028 2607 atque
1047 2541 1158 2585 eorum
1181 2517 1389 2598 clientibus?
1414 2527 1416 2533 '

191 2838 231 2892 16.
248 2799 440 2906 ωὲεεείτιιάίῃο
465 2840 494 2893 Β
546 2841 586 2895 17.
605 2841 708 2909 preueti
735 2841 769 2894 A¹
820 2839 1029 2896 dimittebantur
1053 2839 1135 2908 A‘Rfl
1168 2837 1360 2892 diuritebantnr

191 2989 219 3044 Β
260 2951 368 3058 amplils
385 2990 414 3044 B
464 2993 621 3048 exterreor
640 2994 745 3047 eterra
767 2992 867 3050 Uotrs
889 2995 914 3045 Τ
961 2993 1005 3046 19.
1025 2992 1104 3060 pedes
1123 3011 1141 3046 α
1158 2989 1237 3059 pedes
1270 2993 1360 3054 ¹urfa

192 3074 322 3144 serob(r)is
338 3075 367 3128 B
401 3076 441 3131 20.
462 3076 588 3144 uirgultis
607 3083 625 3144 β
642 3078 755 3131 uinculis
773 3098 792 3134 α
826 3077 1034 3147 integebaturfl
1057 3074 1201 3145 tegebatur
1218 3072 1359 3142 (tegeban-

192 3212 237 3264 tur
254 3209 300 3274 Μ)
320 3211 354 3264 A‘
372 3210 559 3279 inpediebatur
576 3211 612 3266 B‘
647 3213 689 3266 21.
708 3212 783 3268 ducti
801 3218 821 3285 β
836 3213 922 3268 iuncti
940 3232 958 3268 α
992 3213 1035 3266 22.
1052 3147 1228 3330 ἣέίιηίὶὶὺηάἰηθ
1253 3207 1281 3262 Α
1314 3224 1361 3276 ap·

193 3395 333 3463 pellebant
352 3395 379 3452 B
404 3397 559 3466 apellabsnt
585 3397 612 3451 A
629 3398 790 3468 appellabat'
808 3404 828 3469 β
878 3399 961 3453 taliae
980 3358 1073 3467 (tallse
1090 3397 1119 3451 B
1135 3396 1200 3451 talie
1217 3394 1288 3458 Mu)
1316 3394 1365 3450 aU

193 3480 307 3534 taleeT
350 3482 428 3548 longe
447 3481 482 3535 A¹
525 3482 652 3552 infixisfl
677 3482 772 3537 infixae
789 3483 878 3554 (infixe
896 3483 939 3549 M)
958 3503 976 3539 α
1001 3485 1059 3538 tote
1081 3482 1117 3536 A‘
1163 3480 1361 3535 infodiebantur

193 3564 421 3634 mediocribusque
439 3585 458 3621 α
475 3566 676 3621 effodiebantur.
694 3567 907 3638 Mediocribuess
957 3568 998 3623 25.
1017 3567 1126 3622 timulos
1143 3565 1176 3620 A.
1279 3581 1281 3586 ’

260 3665 394 3721 LXXIIH.
430 3668 454 3721 2.
471 3668 703 3738 ·x1111·(x1111·A)
721 3668 796 3722 milia
824 3689 841 3724 α
874 3657 997 3742 ᾗῇβ
1055 3669 1169 3737 aperis
1198 3665 1361 3733 Ordeadcrp

193 3765 267 3818 pares
286 3755 306 3823 β
321 3752 379 3819 pari
397 3770 415 3806 α
457 3753 481 3806 b.
500 3753 693 3824 accidatA‘Bss
708 3753 806 3808 accidit
824 3753 852 3808 R
869 3754 1000 3809 accideret
1018 3753 1058 3808 R'
1093 3753 1149 3808 eius
1167 3752 1293 3820 discessu]
1310 3749 1360 3803 del.

193 3833 359 3973 llllrcbdendorp
411 3837 435 3891 6.
454 3852 488 3890 ne
506 3839 597 3890 autem
616 3837 704 3891 Hand
720 3841 768 3892 aut
787 3837 834 3890 αΤ
848 3841 879 3892 ut
901 3836 928 3891 U
968 3840 991 3894 7.
1010 3837 1108 3894 babere
1126 3853 1215 3891 omnes
1235 3857 1253 3892 α
1270 3849 1361 3889 onmes

212 3935 290 3974 aere
308 3925 335 3990 β.

262 4004 368 4058 LXXV.
387 4007 410 4059 1.
421 4005 491 4075 apud
509 4025 528 4061 α
546 4005 580 4060 ad
598 4013 616 4074 β
651 4007 733 4060 21108
752 4026 778 4074 α,
797 4022 847 4062 om.
865 4012 886 4077 β
917 4007 942 4062 3.
953 4006 1024 4077 (uero
1041 4008 1118 4074 inget
1135 4005 1202 4075 orix)
1219 4021 1267 4059 uer
1284 4005 1361 4072 cinge

194 4089 263 4142 torix
280 4088 307 4142 A
358 4089 384 4144 4.
402 4105 433 4144 ex
451 4089 565 4146 ciuitate
583 4110 601 4146 α
630 4090 776 4160 ciuitatis
827 4091 852 4146 5.
872 4107 902 4146 ec
937 4090 1080 4160 moderari]
1099 4089 1281 4145 neemoderari
1298 4089 1361 4143 AB'

194 4172 394 4228 nehemoderari
411 4174 447 4228 M
478 4191 539 4229 suos
557 4175 615 4245 nec]
633 4190 694 4229 auor
713 4191 746 4230 ne
760 4174 795 4228 A⁴
831 4174 1013 4234 frumentandi
1030 4175 1159 4230 rationem
1178 4178 1198 4244 β
1214 4173 1361 4230 frumenta·

194 4308 265 4364 tione
284 4327 303 4366 α
338 4310 364 4363 6.
382 4308 492 4364 haeduis
509 4310 544 4364 A‘
563 4273 674 4366 taediis
691 4311 720 4364 B
753 4313 833 4380 atque
853 4331 871 4367 α
889 4312 916 4365 et
926 4316 952 4383 β.
