3178 5070
244 435 263 497 8
817 439 834 497 Ι

244 626 264 667 a
280 603 428 689 patribus
444 602 688 688 maioribusque
711 604 776 666 suis
796 601 957 682 didicisse,
975 610 1011 664 ut
1028 625 1082 666 ma
1106 603 1133 666 is
1148 605 1267 667 uirtute
1287 612 1414 668 conten·
1426 611 1466 670 15

215 686 367 770 iderent,
395 711 493 773 quam
520 687 594 752 dolo
619 698 675 752 aut
699 687 824 751 insidiis
847 689 1030 750 niterentur.
1075 625 1184 768 &nare
1205 710 1246 752 ne
1269 690 1413 752 commit-

241 783 334 855 teret,
353 782 388 837 ut
410 773 437 837 is
452 772 551 855 locus,
569 771 627 836 ubi
641 773 866 855 constitissent,
889 794 931 835 ex
944 770 1127 837 calamitate
1148 772 1262 859 populi
1275 773 1414 838 Romani

243 867 274 921 et
287 860 503 922 internecione
518 859 677 923 exercitus
690 879 808 922 nomen
821 866 951 943 caperet
965 866 1021 920 aut
1042 858 1233 922 memoriam
1254 857 1412 944 proderet.

213 940 229 1003 1
326 943 438 1006 XIHI.
481 942 544 1007 His
567 941 687 1007 Caesar
713 943 760 1006 ita
780 941 960 1029 respondit:
993 941 1042 1006 Eo
1066 941 1129 1006 sibi
1155 943 1261 1006 minus
1285 943 1412 1008 dubita-

240 1028 337 1092 tionis
361 1028 440 1110 dari,
459 1027 548 1113 quod
566 1050 621 1092 eas
639 1050 699 1108 res,
722 1050 803 1113 quas
821 1026 922 1113 legati
939 1025 1082 1090 Heluetii
1100 1039 1412 1112 commemorassent,

240 1114 397 1176 memoria
406 1122 536 1195 teneret,
555 1123 652 1198 atque
662 1135 699 1177 eo
739 1113 849 1177 rauius
868 1113 958 1193 ferre,
978 1134 1041 1197 quo
1053 1113 1159 1176 minus
1169 1113 1283 1176 merito
1299 1113 1412 1198 populi

209 1193 591 1266 2Rornaniaccidissent:
603 1197 693 1283 quisi
700 1135 836 1262 alicuius
848 1197 986 1262 iniuriae
995 1196 1058 1260 sibi
1068 1196 1421 1279 consciusfuissetmon·

241 1281 341 1346 fuisse
358 1280 489 1358 difficile
509 1304 635 1366 cauere3
654 1283 712 1346 sed
731 1305 767 1347 eo
784 1282 962 1368 deceptum,
981 1281 1069 1367 quod
1085 1303 1190 1366 neque
1204 1283 1412 1348 commissum
1443 1292 1461 1350 5

240 1389 260 1430 a
287 1389 321 1430 se
349 1366 565 1452 intellegeret,
592 1389 692 1452 quare
720 1369 860 1449 timeret,
885 1389 990 1452 neque
1017 1369 1085 1431 sine
1111 1389 1211 1431 causa
1232 1367 1412 1434 timendum

208 1447 374 1536 3putaret.
401 1451 498 1533 Quod
517 1454 545 1516 si
560 1453 680 1518 ueteris
699 1451 913 1517 contumeliae
931 1450 1082 1516 obliuisci
1095 1451 1199 1534 uellet,
1216 1474 1294 1516 num
1312 1455 1410 1518 etiam

237 1539 413 1601 recentium
435 1538 634 1620 iniuriarum,
657 1538 746 1623 quod
768 1561 805 1603 eo
832 1538 935 1602 inuito
962 1539 1023 1601 iter
1048 1559 1106 1622 per
1128 1538 1331 1622 prouinciam
1353 1563 1412 1624 per

238 1621 306 1684 uim
328 1630 546 1706 temptassent,
565 1622 653 1708 quod
674 1623 816 1704 Aeduos,
840 1622 929 1708 quod
946 1620 1134 1704 Ambarros,
1157 1622 1246 1707 quod
1259 1622 1411 1690 Allobro-

206 1701 304 1790 Agas
327 1715 507 1788 uexassent,
536 1710 725 1772 memoriam
749 1708 908 1794 deponere
929 1706 1045 1794 posse?
1074 1707 1170 1788 Quod
1193 1731 1251 1772 sua
1272 1709 1412 1774 uictoria
1423 1719 1465 1780 10.

244 1799 312 1854 tam
335 1791 507 1855 insolenter
525 1792 741 1876 gloriarentur
759 1793 911 1878 quodque
929 1802 996 1856 tam
1015 1792 1072 1856 diu
1090 1814 1124 1857 se
1141 1795 1261 1878 inpune
1278 1794 1410 1860 inimias

207 1869 356 1940 btulisse
386 1875 633 1958 admirarentur,
664 1878 778 1941 eodem
808 1879 976 1964 pertinere.
1020 1876 1199 1942 Consuesse
1226 1877 1310 1942 enirn
1334 1879 1410 1945 deos

244 1959 438 2042 inmortales,
458 1983 521 2046 quo
532 1963 664 2045 grauius
675 1962 819 2027 homines
835 1985 877 2026 ex
887 1963 1137 2027 commutatione
1150 1985 1258 2027 rerum
1272 1962 1410 2048 doleant,

243 2066 324 2129 quos
342 2067 401 2130 pro
430 2045 547 2110 scelere
566 2069 677 2111 eorum
698 2047 813 2112 ulcisci
838 2046 946 2129 uelint,
968 2047 1007 2111 iis
1026 2047 1229 2112 secundiores
1248 2049 1409 2114 interdurn

206 2122 286 2193 6res
314 2139 345 2193 et
368 2130 600 2195 diutmniorem
626 2132 851 2218 impunitatem
874 2132 1056 2197 concedere.
1101 2131 1184 2197 Oum
1206 2155 1245 2198 ea
1265 2134 1311 2197 ita
1338 2135 1459 2217 sint,15

234 2224 353 2297 tamen,
381 2217 409 2279 si
432 2215 560 2280 obsides
584 2215 625 2282 ab
650 2219 690 2281 iis
715 2217 779 2283 sibi
802 2217 925 2299 dentur,
947 2218 995 2280 uti
1014 2238 1061 2300 ea,
1075 2239 1168 2304 quae
1189 2217 1408 2304 polliceantur,

234 2298 376 2364 facturos
403 2300 577 2386 intellegat,
608 2311 640 2366 et
663 2303 691 2366 si
712 2303 839 2367 Aeduis
871 2302 911 2366 de
932 2303 1065 2384 iniuriis,
1089 2323 1169 2388 quas
1196 2305 1407 2389 ipsissoeiis-

237 2405 300 2468 que
327 2407 438 2450 eorum
466 2385 643 2470 intulerint,
673 2388 751 2451 item
777 2387 805 2452 si
831 2385 1066 2472 Allobrogibus
1094 2388 1306 2470 satisfaciant,
1338 2413 1407 2455 sese

214 2465 309 2534 lcum
327 2470 367 2533 iis
414 2493 504 2534 acem
527 2494 596 2535 esse
618 2472 787 2536 facturum.
819 2471 939 2536 Diuico
962 2472 1141 2560 respondit:
1164 2473 1216 2537 Ita
1237 2473 1405 2540 Heluetios

236 2575 256 2618 a
274 2493 450 2618 maioribus
474 2556 540 2618 suis
558 2557 720 2620 institutos
739 2579 817 2638 esse,
839 2559 887 2620 uti
913 2556 1041 2622 obsides
1059 2558 1212 2642 accipere,
1239 2579 1303 2621 non
1327 2559 1456 2625 dare20

236 2640 438 2703 consuerint:
462 2641 529 2703 eius
548 2642 595 2704 rei
616 2641 773 2727 populum
795 2642 979 2706 Romanum
1007 2664 1075 2707 esse
1091 2651 1212 2707 testem.
1256 2643 1330 2708 Hoc
1356 2667 1403 2710 re-

236 2745 354 2809 sponso
378 2723 454 2788 dato
478 2723 631 2790 discessit.

208 2803 224 2865 1
320 2808 393 2873 XV.
420 2809 552 2874 Postero
580 2809 633 2874 die
659 2820 766 2877 eastra
793 2834 835 2876 ex
862 2834 899 2877 eo
927 2810 998 2876 loco
1026 2821 1164 2876 mouent
1207 2811 1299 2877 Idem
1325 2813 1405 2878 facit

235 2891 355 2957 Caesar
382 2896 624 2980 equitatumque
651 2918 791 2979 omnem,
823 2897 866 2962 ad
893 2919 1061 2961 numerum
1088 2906 1239 2982 quattuor
1269 2896 1403 2980 milium,

235 2999 331 3062 quem
349 3001 391 3042 ex
413 2981 500 3043 omni
517 2982 686 3066 prouincia
704 2989 735 3048 et
751 2981 876 3047 Aeduis
896 2991 993 3068 atque
1010 3004 1121 3046 eorum
1140 2983 1235 3046 sociis
1254 2993 1402 3046 coactum

233 3061 386 3145 habebat,
426 3066 588 3146 raemittit,
607 3067 663 3150 qui
672 3065 812 3148 uideant,
831 3069 955 3151 quasin
968 3077 1076 3152 partes
1087 3065 1194 3130 hostes
1204 3067 1264 3130 iter
1273 3066 1402 3132 faciant.

200 3140 300 3227 2Qui
318 3169 358 3212 cu
381 3087 467 3213 idlus
485 3151 698 3214 nouissimum
717 3173 833 3236 agmen
851 3153 985 3215 insecuti
1003 3149 1107 3216 alieno
1126 3150 1197 3215 loco
1221 3173 1295 3215 cum
1314 3155 1401 3237 equi·
1433 3159 1451 3216 5

232 3241 303 3296 tatu
364 3232 552 3298 eluetiorum
605 3235 741 3299 roelium
768 3237 987 3319 committunt,
1028 3245 1060 3300 et
1088 3238 1186 3322 pauci
1217 3236 1257 3300 de
1283 3239 1401 3302 nostris

201 3311 363 3382 3cadunt.
408 3318 480 3400 Quo
499 3257 622 3406 proelio
648 3319 768 3385 sublati
784 3319 936 3403 Heluetii,
963 3320 1051 3405 quod
1079 3321 1265 3405 quingentis
1287 3323 1401 3407 equiti·

233 3401 293 3466 bus
315 3412 439 3469 tantam
462 3404 699 3470 multitudinem
721 3406 865 3490 equitum
889 3405 1111 3492 propulerant,
1148 3405 1303 3470 audacius
1326 3407 1400 3471 sub-

233 3570 273 3624 15,
291 3572 480 3628 contenderent
507 3590 587 3644 quam
605 3573 667 3628 dolo
686 3572 797 3627 Kroaer
818 3589 897 3642 quam
925 3571 986 3627 dolo
1013 3572 1201 3627 contenderent
1223 3573 1254 3626 X
1284 3571 1410 3640 (conten-'

231 3654 326 3710 derant
345 3657 391 3724 R‘)
425 3659 466 3714 17.
484 3659 688 3716 constituissent
707 3657 817 3728 dipsa
860 3723 862 3728 k

298 3741 389 3796 XIHI.
408 3743 433 3797 2.
452 3742 561 3798 heluitii
576 3744 605 3797 A
622 3743 732 3798 heluicii
749 3741 788 3795 M
816 3742 841 3796 3.
859 3741 986 3796 momoria
1003 3741 1043 3794 A²
1080 3742 1106 3796 4.
1125 3741 1283 3796 accidissent
1300 3742 1336 3796 A‘
1357 3759 1399 3798 ac·

230 3874 340 3931 cidisset
358 3877 423 3948 B¹A
456 3879 480 3933 5.
499 3827 610 3932 difficile
627 3879 661 3932 A·
690 3879 715 3934 9.
733 3877 884 3946 allobrogas
906 3876 962 3932 AR
988 3875 1139 3945 allobrogos
1157 3877 1195 3931 M
1216 3876 1363 3946 allobrogas
1380 3883 1401 3950 β

230 3961 271 4016 10.
289 3963 415 4016 momoria
432 3963 469 4016 A‘
486 3962 612 4018 memoria
629 3963 686 4033 Β’β
718 3977 792 4031 posse
809 3962 866 4034 B'st
888 3961 972 4031 poss&
989 3961 1026 4014 A‘
1065 3963 1109 4018 11.
1124 3961 1245 4031 quodque
1263 3991 1297 4002 -
1315 3962 1398 4016 adrni-

228 4096 363 4167 rarentur]
386 4113 435 4154 om.
454 4099 523 4170 Apr.
564 4099 712 4167 inpugna
728 4097 757 4150 A
796 4097 837 4152 14.
861 4058 948 4152 uldsci
965 4097 993 4150 A
1017 4097 1171 4152 ulcissiM1
1205 4097 1239 4151 iis
1256 4098 1293 4151 A‘
1310 4097 1352 4152 his
1362 4098 1398 4152 B‘

226 4182 270 4239 19.
289 4181 417 4240 heluitios
435 4187 462 4239 A
480 4184 608 4240 heluicios
626 4182 667 4238 Μ.

296 4269 354 4326 XV.
373 4273 397 4326 5.
415 4270 578 4339 (a)equitatu
596 4268 624 4321 A
659 4269 682 4322 6.
701 4266 848 4320 heluition‘r
864 4267 892 4319 A
910 4264 1050 4329 heluiciozt
1063 4263 1102 4318 M
1132 4266 1155 4320 7.
1170 4264 1279 4319 heluitii
1296 4267 1324 4318 A
1341 4265 1399 4320 hel·

227 4355 291 4411 nicii
306 4349 355 4412 ‘M
401 4357 426 4412 8.
444 4356 532 4410 tamti
549 4354 578 4407 A
616 4350 740 4406 audatius
757 4350 785 4403 A
