<?xml version="1.0" encoding="UTF-8"?>
<!DOCTYPE html PUBLIC "-//W3C//DTD XHTML 1.0 Transitional//EN"
    "http://www.w3.org/TR/xhtml1/DTD/xhtml1-transitional.dtd">
<html xmlns="http://www.w3.org/1999/xhtml" xml:lang="en" lang="en">
 <head>
  <title>
</title>
<meta http-equiv="Content-Type" content="text/html;charset=utf-8" />
  <meta name='ocr-system' content='tesseract 3.04.00' />
  <meta name='ocr-capabilities' content='ocr_page ocr_carea ocr_par ocr_line ocrx_word'/>
</head>
<body>
  <div class='ocr_page' id='page_1' title='image "./civlicaesarisbe00hirtgoog_0117.png"; bbox 0 0 3154 5068; ppageno 0'>
   <div class='ocr_carea' id='block_1_1' title="bbox 705 422 1306 486">
    <p class='ocr_par' dir='ltr' id='par_1_1' title="bbox 705 422 1306 486">
     <span class='ocr_line' id='line_1_1' title="bbox 705 422 1306 486; baseline 0 0"><span class='ocrx_word' id='word_1_1' title='bbox 705 428 735 486; x_wconf 89' lang='lat' dir='ltr'>V</span> <span class='ocrx_word' id='word_1_2' title='bbox 1244 422 1306 486; x_wconf 78' lang='lat'>105</span> 
     </span>
    </p>
   </div>
   <div class='ocr_carea' id='block_1_2' title="bbox 100 591 1402 3064">
    <p class='ocr_par' dir='ltr' id='par_1_2' title="bbox 100 591 1402 3064">
     <span class='ocr_line' id='line_1_2' title="bbox 144 591 1337 680; baseline 0 -25"><span class='ocrx_word' id='word_1_3' title='bbox 144 591 291 656; x_wconf 81' lang='lat' dir='ltr'><strong>Defertur</strong></span> <span class='ocrx_word' id='word_1_4' title='bbox 320 615 359 656; x_wconf 90' lang='lat' dir='ltr'>ea</span> <span class='ocrx_word' id='word_1_5' title='bbox 385 615 436 658; x_wconf 90' lang='lat' dir='ltr'>res</span> <span class='ocrx_word' id='word_1_6' title='bbox 467 592 509 658; x_wconf 85' lang='lat' dir='ltr'>ad</span> <span class='ocrx_word' id='word_1_7' title='bbox 532 593 713 659; x_wconf 79' lang='lat' dir='ltr'>Caesarem.</span> <span class='ocrx_word' id='word_1_8' title='bbox 757 593 817 659; x_wconf 87' lang='lat' dir='ltr'>Ille</span> <span class='ocrx_word' id='word_1_9' title='bbox 843 596 979 678; x_wconf 90' lang='lat' dir='ltr'>ueritus,</span> <span class='ocrx_word' id='word_1_10' title='bbox 1010 594 1099 680; x_wconf 92' lang='lat' dir='ltr'>quod</span> <span class='ocrx_word' id='word_1_11' title='bbox 1131 593 1174 658; x_wconf 88' lang='lat' dir='ltr'>ad</span> <span class='ocrx_word' id='word_1_12' title='bbox 1198 593 1337 679; x_wconf 86' lang='lat' dir='ltr'>plures4</span> 
     </span>
     <span class='ocr_line' id='line_1_3' title="bbox 142 677 1307 765; baseline 0 -23"><span class='ocrx_word' id='word_1_13' title='bbox 142 677 329 763; x_wconf 80' lang='lat' dir='ltr'>pertinebat,</span> <span class='ocrx_word' id='word_1_14' title='bbox 351 701 392 742; x_wconf 91' lang='lat' dir='ltr'>ne</span> <span class='ocrx_word' id='word_1_15' title='bbox 409 679 523 742; x_wconf 88' lang='lat' dir='ltr'>ciuitas</span> <span class='ocrx_word' id='word_1_16' title='bbox 543 701 655 744; x_wconf 89' lang='lat' dir='ltr'>eorum</span> <span class='ocrx_word' id='word_1_17' title='bbox 672 679 804 765; x_wconf 90' lang='lat' dir='ltr'>inpulsu</span> <span class='ocrx_word' id='word_1_18' title='bbox 822 678 979 761; x_wconf 89' lang='lat' dir='ltr'>deficeret,</span> <span class='ocrx_word' id='word_1_19' title='bbox 995 680 1134 744; x_wconf 88' lang='lat' dir='ltr'>Lucium</span> <span class='ocrx_word' id='word_1_20' title='bbox 1150 679 1307 743; x_wconf 83' lang='lat' dir='ltr'>Plancum</span> 
     </span>
     <span class='ocr_line' id='line_1_4' title="bbox 143 761 1309 851; baseline 0.001 -25"><span class='ocrx_word' id='word_1_21' title='bbox 143 785 210 826; x_wconf 90' lang='lat' dir='ltr'>cum</span> <span class='ocrx_word' id='word_1_22' title='bbox 239 761 370 848; x_wconf 77' lang='lat' dir='ltr'>legione</span> <span class='ocrx_word' id='word_1_23' title='bbox 399 785 441 828; x_wconf 89' lang='lat' dir='ltr'>ex</span> <span class='ocrx_word' id='word_1_24' title='bbox 466 763 582 849; x_wconf 85' lang='lat' dir='ltr'>Belgio</span> <span class='ocrx_word' id='word_1_25' title='bbox 611 764 754 830; x_wconf 79' lang='lat' dir='ltr'>celeriter</span> <span class='ocrx_word' id='word_1_26' title='bbox 785 767 818 828; x_wconf 90' lang='lat' dir='ltr'>in</span> <span class='ocrx_word' id='word_1_27' title='bbox 845 763 1002 830; x_wconf 79' lang='lat' dir='ltr'>Carnutes</span> <span class='ocrx_word' id='word_1_28' title='bbox 1029 764 1193 851; x_wconf 85' lang='lat' dir='ltr'>proficisci</span> <span class='ocrx_word' id='word_1_29' title='bbox 1218 763 1309 829; x_wconf 90' lang='lat' dir='ltr'>iubet</span> 
     </span>
     <span class='ocr_line' id='line_1_5' title="bbox 102 847 1307 936; baseline 0.004 -28"><span class='ocrx_word' id='word_1_30' title='bbox 102 848 245 933; x_wconf 90' lang='lat' dir='ltr'>10ibique</span> <span class='ocrx_word' id='word_1_31' title='bbox 267 847 420 929; x_wconf 90' lang='lat' dir='ltr'>hiemare,</span> <span class='ocrx_word' id='word_1_32' title='bbox 442 871 644 935; x_wconf 90' lang='lat' dir='ltr'>quorumque</span> <span class='ocrx_word' id='word_1_33' title='bbox 666 873 766 936; x_wconf 91' lang='lat' dir='ltr'>opera</span> <span class='ocrx_word' id='word_1_34' title='bbox 788 859 984 936; x_wconf 86' lang='lat' dir='ltr'>cognouerat</span> <span class='ocrx_word' id='word_1_35' title='bbox 1001 849 1191 935; x_wconf 83' lang='lat' dir='ltr'>Tasgetium</span> <span class='ocrx_word' id='word_1_36' title='bbox 1203 851 1307 914; x_wconf 64' lang='lat' dir='ltr'>&#39;inter-</span> 
     </span>
     <span class='ocr_line' id='line_1_6' title="bbox 141 932 1337 1018; baseline 0.001 -22"><span class='ocrx_word' id='word_1_37' title='bbox 141 933 264 1014; x_wconf 88' lang='lat' dir='ltr'>fectum,</span> <span class='ocrx_word' id='word_1_38' title='bbox 288 932 348 996; x_wconf 92' lang='lat' dir='ltr'>hos</span> <span class='ocrx_word' id='word_1_39' title='bbox 370 933 605 1018; x_wconf 88' lang='lat' dir='ltr'>conprehensos</span> <span class='ocrx_word' id='word_1_40' title='bbox 629 934 673 999; x_wconf 91' lang='lat' dir='ltr'>ad</span> <span class='ocrx_word' id='word_1_41' title='bbox 695 957 729 999; x_wconf 89' lang='lat' dir='ltr'>se</span> <span class='ocrx_word' id='word_1_42' title='bbox 754 937 887 1000; x_wconf 91' lang='lat' dir='ltr'>mittere.</span> <span class='ocrx_word' id='word_1_43' title='bbox 922 935 1056 1000; x_wconf 83' lang='lat' dir='ltr'>Interim</span> <span class='ocrx_word' id='word_1_44' title='bbox 1087 934 1129 999; x_wconf 89' lang='lat' dir='ltr'>ab</span> <span class='ocrx_word' id='word_1_45' title='bbox 1158 933 1337 999; x_wconf 79' lang='lat' dir='ltr'>omnibusb</span> 
     </span>
     <span class='ocr_line' id='line_1_7' title="bbox 144 1018 1308 1106; baseline 0.001 -24"><span class='ocrx_word' id='word_1_46' title='bbox 144 1018 264 1102; x_wconf 86' lang='lat' dir='ltr'>[legatis</span> <span class='ocrx_word' id='word_1_47' title='bbox 296 1019 615 1105; x_wconf 79' lang='lat' dir='ltr'>quaestoribusquel,</span> <span class='ocrx_word' id='word_1_48' title='bbox 646 1020 764 1106; x_wconf 90' lang='lat' dir='ltr'>quibus</span> <span class='ocrx_word' id='word_1_49' title='bbox 794 1019 937 1105; x_wconf 77' lang='lat' dir='ltr'>legiones</span> <span class='ocrx_word' id='word_1_50' title='bbox 966 1019 1160 1100; x_wconf 89' lang='lat' dir='ltr'>tradiderat,</span> <span class='ocrx_word' id='word_1_51' title='bbox 1191 1021 1308 1083; x_wconf 79' lang='lat' dir='ltr'>certior</span> 
     </span>
     <span class='ocr_line' id='line_1_8' title="bbox 141 1103 1307 1202; baseline 0.002 -36"><span class='ocrx_word' id='word_1_52' title='bbox 141 1103 241 1202; x_wconf 68' lang='lat' dir='ltr'>taetris</span> <span class='ocrx_word' id='word_1_53' title='bbox 265 1105 370 1168; x_wconf 92' lang='lat' dir='ltr'>estin</span> <span class='ocrx_word' id='word_1_54' title='bbox 391 1103 531 1170; x_wconf 88' lang='lat' dir='ltr'>hiberna</span> <span class='ocrx_word' id='word_1_55' title='bbox 552 1117 743 1190; x_wconf 89' lang='lat' dir='ltr'>peruentum</span> <span class='ocrx_word' id='word_1_56' title='bbox 767 1105 939 1191; x_wconf 91' lang='lat' dir='ltr'>locumque</span> <span class='ocrx_word' id='word_1_57' title='bbox 959 1105 1122 1189; x_wconf 86' lang='lat' dir='ltr'>[hibernis]</span> <span class='ocrx_word' id='word_1_58' title='bbox 1147 1127 1217 1169; x_wconf 87' lang='lat' dir='ltr'>esse</span> <span class='ocrx_word' id='word_1_59' title='bbox 1239 1127 1307 1168; x_wconf 90' lang='lat' dir='ltr'>mu-</span> 
     </span>
     <span class='ocr_line' id='line_1_9' title="bbox 141 1198 246 1254; baseline -0.01 -1"><span class='ocrx_word' id='word_1_60' title='bbox 141 1198 246 1254; x_wconf 83' lang='lat' dir='ltr'>crtum</span> 
     </span>
     <span class='ocr_line' id='line_1_10' title="bbox 220 1272 1402 1362; baseline 0.001 -26"><span class='ocrx_word' id='word_1_61' title='bbox 220 1272 350 1338; x_wconf 89' lang='lat' dir='ltr'>XXVI.</span> <span class='ocrx_word' id='word_1_62' title='bbox 371 1273 498 1340; x_wconf 82' lang='lat' dir='ltr'>Diebus</span> <span class='ocrx_word' id='word_1_63' title='bbox 520 1276 645 1341; x_wconf 89' lang='lat' dir='ltr'>circiter</span> <span class='ocrx_word' id='word_1_64' title='bbox 669 1275 861 1362; x_wconf 89' lang='lat' dir='ltr'>quindecim,</span> <span class='ocrx_word' id='word_1_65' title='bbox 881 1275 997 1360; x_wconf 90' lang='lat' dir='ltr'>quibus</span> <span class='ocrx_word' id='word_1_66' title='bbox 1019 1277 1053 1340; x_wconf 94' lang='lat' dir='ltr'>in</span> <span class='ocrx_word' id='word_1_67' title='bbox 1074 1275 1210 1340; x_wconf 89' lang='lat' dir='ltr'>hiberna</span> <span class='ocrx_word' id='word_1_68' title='bbox 1231 1273 1336 1338; x_wconf 89' lang='lat' dir='ltr'>nen-1</span> <span class='ocrx_word' id='word_1_69' title='bbox 1354 1281 1402 1308; x_wconf 60' lang='lat' dir='ltr'><em>s</em></span> 
     </span>
     <span class='ocr_line' id='line_1_11' title="bbox 141 1359 1309 1446; baseline 0 -24"><span class='ocrx_word' id='word_1_70' title='bbox 141 1369 204 1422; x_wconf 90' lang='lat' dir='ltr'>tum</span> <span class='ocrx_word' id='word_1_71' title='bbox 232 1368 295 1440; x_wconf 91' lang='lat' dir='ltr'>est,</span> <span class='ocrx_word' id='word_1_72' title='bbox 326 1359 454 1424; x_wconf 89' lang='lat' dir='ltr'>initium</span> <span class='ocrx_word' id='word_1_73' title='bbox 482 1363 641 1446; x_wconf 87' lang='lat' dir='ltr'>repentini</span> <span class='ocrx_word' id='word_1_74' title='bbox 666 1360 821 1426; x_wconf 89' lang='lat' dir='ltr'>tumultus</span> <span class='ocrx_word' id='word_1_75' title='bbox 849 1383 887 1425; x_wconf 88' lang='lat' dir='ltr'>ac</span> <span class='ocrx_word' id='word_1_76' title='bbox 913 1361 1101 1426; x_wconf 87' lang='lat' dir='ltr'>defectionis</span> <span class='ocrx_word' id='word_1_77' title='bbox 1128 1370 1235 1424; x_wconf 91' lang='lat' dir='ltr'>ortum</span> <span class='ocrx_word' id='word_1_78' title='bbox 1260 1368 1309 1422; x_wconf 89' lang='lat' dir='ltr'>est</span> 
     </span>
     <span class='ocr_line' id='line_1_12' title="bbox 142 1442 1337 1532; baseline 0 -24"><span class='ocrx_word' id='word_1_79' title='bbox 142 1444 179 1510; x_wconf 91' lang='lat' dir='ltr'>ab</span> <span class='ocrx_word' id='word_1_80' title='bbox 201 1442 398 1528; x_wconf 84' lang='lat' dir='ltr'>Ambiorige</span> <span class='ocrx_word' id='word_1_81' title='bbox 420 1455 452 1509; x_wconf 89' lang='lat' dir='ltr'>et</span> <span class='ocrx_word' id='word_1_82' title='bbox 475 1445 666 1529; x_wconf 80' lang='lat' dir='ltr'>Catuuolco;</span> <span class='ocrx_word' id='word_1_83' title='bbox 694 1448 762 1532; x_wconf 93' lang='lat' dir='ltr'>qui,</span> <span class='ocrx_word' id='word_1_84' title='bbox 794 1468 868 1510; x_wconf 88' lang='lat' dir='ltr'>cum</span> <span class='ocrx_word' id='word_1_85' title='bbox 895 1445 1043 1520; x_wconf 90' lang='lat' dir='ltr'>adfines</span> <span class='ocrx_word' id='word_1_86' title='bbox 1065 1469 1100 1510; x_wconf 90' lang='lat' dir='ltr'>re</span> <span class='ocrx_word' id='word_1_87' title='bbox 1146 1446 1229 1508; x_wconf 91' lang='lat' dir='ltr'>isui</span> <span class='ocrx_word' id='word_1_88' title='bbox 1251 1443 1337 1509; x_wconf 72' lang='lat' dir='ltr'>saa</span> 
     </span>
     <span class='ocr_line' id='line_1_13' title="bbox 141 1468 1308 1616; baseline -0.001 -23"><span class='ocrx_word' id='word_1_89' title='bbox 141 1529 213 1595; x_wconf 89' lang='lat' dir='ltr'>bino</span> <span class='ocrx_word' id='word_1_90' title='bbox 237 1529 418 1615; x_wconf 79' lang='lat' dir='ltr'>Cottaeque</span> <span class='ocrx_word' id='word_1_91' title='bbox 440 1541 568 1616; x_wconf 90' lang='lat' dir='ltr'>praesto</span> <span class='ocrx_word' id='word_1_92' title='bbox 591 1532 725 1596; x_wconf 84' lang='lat' dir='ltr'>fuissent</span> <span class='ocrx_word' id='word_1_93' title='bbox 747 1530 1007 1616; x_wconf 87' lang='lat' dir='ltr'>frumentumque</span> <span class='ocrx_word' id='word_1_94' title='bbox 1028 1531 1062 1594; x_wconf 93' lang='lat' dir='ltr'>in</span> <span class='ocrx_word' id='word_1_95' title='bbox 1075 1468 1212 1595; x_wconf 67' lang='lat' dir='ltr'>hiliirna</span> <span class='ocrx_word' id='word_1_96' title='bbox 1234 1551 1308 1593; x_wconf 90' lang='lat' dir='ltr'>con-</span> 
     </span>
     <span class='ocr_line' id='line_1_14' title="bbox 117 1613 1308 1702; baseline -0.002 -22"><span class='ocrx_word' id='word_1_97' title='bbox 117 1613 372 1700; x_wconf 87' lang='lat' dir='ltr'>5portauissent,</span> <span class='ocrx_word' id='word_1_98' title='bbox 404 1615 618 1682; x_wconf 85' lang='lat' dir='ltr'>Indutiomari</span> <span class='ocrx_word' id='word_1_99' title='bbox 645 1616 780 1682; x_wconf 87' lang='lat' dir='ltr'>Treueri</span> <span class='ocrx_word' id='word_1_100' title='bbox 808 1617 927 1681; x_wconf 89' lang='lat' dir='ltr'>nuntiis</span> <span class='ocrx_word' id='word_1_101' title='bbox 957 1615 1077 1702; x_wconf 91' lang='lat' dir='ltr'>inpulsi</span> <span class='ocrx_word' id='word_1_102' title='bbox 1103 1637 1178 1680; x_wconf 92' lang='lat' dir='ltr'>suos</span> <span class='ocrx_word' id='word_1_103' title='bbox 1204 1615 1308 1679; x_wconf 90' lang='lat' dir='ltr'>conci-</span> 
     </span>
     <span class='ocr_line' id='line_1_15' title="bbox 141 1698 1310 1787; baseline -0.002 -23"><span class='ocrx_word' id='word_1_104' title='bbox 141 1710 287 1764; x_wconf 88' lang='lat' dir='ltr'>tauerunt</span> <span class='ocrx_word' id='word_1_105' title='bbox 322 1700 496 1787; x_wconf 87' lang='lat' dir='ltr'>subitoque</span> <span class='ocrx_word' id='word_1_106' title='bbox 532 1704 693 1787; x_wconf 86' lang='lat' dir='ltr'>oppressis</span> <span class='ocrx_word' id='word_1_107' title='bbox 726 1702 941 1786; x_wconf 87' lang='lat' dir='ltr'>lignatoribus</span> <span class='ocrx_word' id='word_1_108' title='bbox 981 1723 1102 1786; x_wconf 91' lang='lat' dir='ltr'>magna</span> <span class='ocrx_word' id='word_1_109' title='bbox 1135 1723 1233 1764; x_wconf 86' lang='lat' dir='ltr'>manu</span> <span class='ocrx_word' id='word_1_110' title='bbox 1267 1698 1310 1762; x_wconf 89' lang='lat' dir='ltr'>ad</span> 
     </span>
     <span class='ocr_line' id='line_1_16' title="bbox 142 1785 1337 1872; baseline -0.001 -23"><span class='ocrx_word' id='word_1_111' title='bbox 142 1796 244 1850; x_wconf 89' lang='lat' dir='ltr'>eastra</span> <span class='ocrx_word' id='word_1_112' title='bbox 267 1796 495 1872; x_wconf 87' lang='lat' dir='ltr'>oppugnatum</span> <span class='ocrx_word' id='word_1_113' title='bbox 520 1798 685 1853; x_wconf 88' lang='lat' dir='ltr'>uenerunt.</span> <span class='ocrx_word' id='word_1_114' title='bbox 729 1787 812 1852; x_wconf 83' lang='lat' dir='ltr'>Ourn</span> <span class='ocrx_word' id='word_1_115' title='bbox 838 1787 984 1853; x_wconf 89' lang='lat' dir='ltr'>celeriter</span> <span class='ocrx_word' id='word_1_116' title='bbox 1008 1788 1112 1852; x_wconf 86' lang='lat' dir='ltr'>nostri</span> <span class='ocrx_word' id='word_1_117' title='bbox 1142 1808 1233 1850; x_wconf 88' lang='lat' dir='ltr'>arma</span> <span class='ocrx_word' id='word_1_118' title='bbox 1260 1785 1337 1849; x_wconf 85' lang='lat' dir='ltr'>ce·3</span> 
     </span>
     <span class='ocr_line' id='line_1_17' title="bbox 141 1871 1309 1958; baseline -0.001 -24"><span class='ocrx_word' id='word_1_119' title='bbox 141 1872 258 1955; x_wconf 89' lang='lat' dir='ltr'>pissent</span> <span class='ocrx_word' id='word_1_120' title='bbox 284 1871 473 1957; x_wconf 87' lang='lat' dir='ltr'>uallumque</span> <span class='ocrx_word' id='word_1_121' title='bbox 499 1873 717 1938; x_wconf 88' lang='lat' dir='ltr'>ascendissent</span> <span class='ocrx_word' id='word_1_122' title='bbox 745 1883 842 1958; x_wconf 87' lang='lat' dir='ltr'>atque</span> <span class='ocrx_word' id='word_1_123' title='bbox 871 1896 937 1938; x_wconf 89' lang='lat' dir='ltr'>una</span> <span class='ocrx_word' id='word_1_124' title='bbox 963 1896 1005 1938; x_wconf 84' lang='lat' dir='ltr'>ex</span> <span class='ocrx_word' id='word_1_125' title='bbox 1034 1881 1128 1958; x_wconf 90' lang='lat' dir='ltr'>parte</span> <span class='ocrx_word' id='word_1_126' title='bbox 1153 1871 1309 1955; x_wconf 91' lang='lat' dir='ltr'>Hispanis</span> 
     </span>
     <span class='ocr_line' id='line_1_18' title="bbox 142 1955 1309 2107; baseline -0.002 -87"><span class='ocrx_word' id='word_1_127' title='bbox 142 1957 302 2041; x_wconf 89' lang='lat' dir='ltr'>equitibus</span> <span class='ocrx_word' id='word_1_128' title='bbox 317 1958 443 2022; x_wconf 89' lang='lat' dir='ltr'>emissis</span> <span class='ocrx_word' id='word_1_129' title='bbox 462 1960 603 2044; x_wconf 90' lang='lat' dir='ltr'>equestri</span> <span class='ocrx_word' id='word_1_130' title='bbox 623 1959 747 2044; x_wconf 92' lang='lat' dir='ltr'>proelio</span> <span class='ocrx_word' id='word_1_131' title='bbox 772 1960 951 2107; x_wconf 67' lang='lat' dir='ltr'>superiores</span> <span class='ocrx_word' id='word_1_132' title='bbox 969 1958 1112 2039; x_wconf 85' lang='lat' dir='ltr'>fuissent,</span> <span class='ocrx_word' id='word_1_133' title='bbox 1140 1955 1309 2040; x_wconf 87' lang='lat' dir='ltr'>desperata</span> 
     </span>
     <span class='ocr_line' id='line_1_19' title="bbox 100 2041 1339 2130; baseline 0.001 -27"><span class='ocrx_word' id='word_1_134' title='bbox 100 2043 134 2100; x_wconf 89' lang='lat'>10</span> <span class='ocrx_word' id='word_1_135' title='bbox 142 2064 173 2106; x_wconf 89' lang='lat' dir='ltr'>re</span> <span class='ocrx_word' id='word_1_136' title='bbox 193 2041 304 2106; x_wconf 90' lang='lat' dir='ltr'>hostes</span> <span class='ocrx_word' id='word_1_137' title='bbox 327 2064 403 2106; x_wconf 91' lang='lat' dir='ltr'>suos</span> <span class='ocrx_word' id='word_1_138' title='bbox 430 2044 473 2108; x_wconf 90' lang='lat' dir='ltr'>ab</span> <span class='ocrx_word' id='word_1_139' title='bbox 506 2067 547 2130; x_wconf 93' lang='lat' dir='ltr'>op</span> <span class='ocrx_word' id='word_1_140' title='bbox 571 2046 747 2128; x_wconf 79' lang='lat' dir='ltr'>agnatione</span> <span class='ocrx_word' id='word_1_141' title='bbox 772 2067 807 2109; x_wconf 90' lang='lat' dir='ltr'>re</span> <span class='ocrx_word' id='word_1_142' title='bbox 830 2053 978 2109; x_wconf 86' lang='lat' dir='ltr'>uxerunt.</span> <span class='ocrx_word' id='word_1_143' title='bbox 1022 2043 1107 2106; x_wconf 84' lang='lat' dir='ltr'>Tum</span> <span class='ocrx_word' id='word_1_144' title='bbox 1139 2063 1196 2104; x_wconf 90' lang='lat' dir='ltr'>suo</span> <span class='ocrx_word' id='word_1_145' title='bbox 1220 2041 1339 2104; x_wconf 72' lang='lat' dir='ltr'>morel</span> 
     </span>
     <span class='ocr_line' id='line_1_20' title="bbox 142 2125 1307 2214; baseline -0.004 -22"><span class='ocrx_word' id='word_1_146' title='bbox 142 2126 432 2210; x_wconf 87' lang='lat' dir='ltr'>conclamauerunt,</span> <span class='ocrx_word' id='word_1_147' title='bbox 454 2130 502 2192; x_wconf 91' lang='lat' dir='ltr'>uti</span> <span class='ocrx_word' id='word_1_148' title='bbox 569 2129 690 2214; x_wconf 84' lang='lat' dir='ltr'>quiex</span> <span class='ocrx_word' id='word_1_149' title='bbox 712 2131 829 2193; x_wconf 87' lang='lat' dir='ltr'>nostris</span> <span class='ocrx_word' id='word_1_150' title='bbox 852 2129 895 2193; x_wconf 90' lang='lat' dir='ltr'>ad</span> <span class='ocrx_word' id='word_1_151' title='bbox 918 2129 1126 2212; x_wconf 90' lang='lat' dir='ltr'>conloquium</span> <span class='ocrx_word' id='word_1_152' title='bbox 1148 2125 1307 2211; x_wconf 90' lang='lat' dir='ltr'>prodiret:</span> 
     </span>
     <span class='ocr_line' id='line_1_21' title="bbox 142 2210 1308 2298; baseline -0.002 -24"><span class='ocrx_word' id='word_1_153' title='bbox 142 2210 258 2278; x_wconf 88' lang='lat' dir='ltr'>habere</span> <span class='ocrx_word' id='word_1_154' title='bbox 282 2235 360 2294; x_wconf 90' lang='lat' dir='ltr'>sese,</span> <span class='ocrx_word' id='word_1_155' title='bbox 383 2235 466 2298; x_wconf 89' lang='lat' dir='ltr'>quae</span> <span class='ocrx_word' id='word_1_156' title='bbox 489 2213 585 2279; x_wconf 91' lang='lat' dir='ltr'>dere</span> <span class='ocrx_word' id='word_1_157' title='bbox 608 2217 771 2279; x_wconf 87' lang='lat' dir='ltr'>communi</span> <span class='ocrx_word' id='word_1_158' title='bbox 793 2214 899 2279; x_wconf 88' lang='lat' dir='ltr'>dicere</span> <span class='ocrx_word' id='word_1_159' title='bbox 919 2213 1047 2293; x_wconf 90' lang='lat' dir='ltr'>uellent,</span> <span class='ocrx_word' id='word_1_160' title='bbox 1071 2211 1189 2297; x_wconf 92' lang='lat' dir='ltr'>quibus</span> <span class='ocrx_word' id='word_1_161' title='bbox 1212 2210 1308 2274; x_wconf 90' lang='lat' dir='ltr'>rebus</span> 
     </span>
     <span class='ocr_line' id='line_1_22' title="bbox 142 2299 811 2384; baseline 0.003 -23"><span class='ocrx_word' id='word_1_162' title='bbox 142 2299 377 2362; x_wconf 89' lang='lat' dir='ltr'>controuersias</span> <span class='ocrx_word' id='word_1_163' title='bbox 399 2300 500 2363; x_wconf 89' lang='lat' dir='ltr'>minui</span> <span class='ocrx_word' id='word_1_164' title='bbox 521 2321 617 2384; x_wconf 91' lang='lat' dir='ltr'>posse</span> <span class='ocrx_word' id='word_1_165' title='bbox 639 2309 811 2384; x_wconf 90' lang='lat' dir='ltr'>sperarent.</span> 
     </span>
     <span class='ocr_line' id='line_1_23' title="bbox 220 2380 1336 2470; baseline -0.003 -23"><span class='ocrx_word' id='word_1_166' title='bbox 220 2382 367 2448; x_wconf 89' lang='lat' dir='ltr'>XXVII.</span> <span class='ocrx_word' id='word_1_167' title='bbox 385 2383 523 2448; x_wconf 85' lang='lat' dir='ltr'>Mittitur</span> <span class='ocrx_word' id='word_1_168' title='bbox 541 2383 585 2448; x_wconf 92' lang='lat' dir='ltr'>ad</span> <span class='ocrx_word' id='word_1_169' title='bbox 602 2407 656 2450; x_wconf 90' lang='lat' dir='ltr'>eos</span> <span class='ocrx_word' id='word_1_170' title='bbox 675 2384 891 2470; x_wconf 86' lang='lat' dir='ltr'>conloquendi</span> <span class='ocrx_word' id='word_1_171' title='bbox 908 2405 1007 2448; x_wconf 88' lang='lat' dir='ltr'>causa</span> <span class='ocrx_word' id='word_1_172' title='bbox 1016 2381 1120 2447; x_wconf 77' lang='lat' dir='ltr'>Gaius</span> <span class='ocrx_word' id='word_1_173' title='bbox 1134 2380 1336 2465; x_wconf 81' lang='lat' dir='ltr'>Arpineiusl</span> 
     </span>
     <span class='ocr_line' id='line_1_24' title="bbox 142 2466 1309 2551; baseline -0.003 -20"><span class='ocrx_word' id='word_1_174' title='bbox 142 2490 157 2531; x_wconf 93' lang='lat' dir='ltr'>e</span> <span class='ocrx_word' id='word_1_175' title='bbox 179 2491 234 2534; x_wconf 88' lang='lat' dir='ltr'>nes</span> <span class='ocrx_word' id='word_1_176' title='bbox 249 2469 427 2551; x_wconf 88' lang='lat' dir='ltr'>Romanus,</span> <span class='ocrx_word' id='word_1_177' title='bbox 449 2470 618 2534; x_wconf 88' lang='lat' dir='ltr'>familiaris</span> <span class='ocrx_word' id='word_1_178' title='bbox 642 2469 753 2551; x_wconf 76' lang='lat' dir='ltr'>Quinti</span> <span class='ocrx_word' id='word_1_179' title='bbox 774 2471 900 2551; x_wconf 88' lang='lat' dir='ltr'>Titurii,</span> <span class='ocrx_word' id='word_1_180' title='bbox 922 2477 953 2533; x_wconf 87' lang='lat' dir='ltr'>et</span> <span class='ocrx_word' id='word_1_181' title='bbox 976 2468 1114 2550; x_wconf 79' lang='lat' dir='ltr'>Quintus</span> <span class='ocrx_word' id='word_1_182' title='bbox 1132 2466 1244 2530; x_wconf 90' lang='lat' dir='ltr'>Iunius</span> <span class='ocrx_word' id='word_1_183' title='bbox 1267 2485 1309 2528; x_wconf 85' lang='lat' dir='ltr'>ex</span> 
     </span>
     <span class='ocr_line' id='line_1_25' title="bbox 141 2490 1308 2699; baseline -0.003 -82"><span class='ocrx_word' id='word_1_184' title='bbox 141 2490 299 2640; x_wconf 70' lang='lat' dir='ltr'>liispania</span> <span class='ocrx_word' id='word_1_185' title='bbox 323 2554 463 2639; x_wconf 89' lang='lat' dir='ltr'>quidam,</span> <span class='ocrx_word' id='word_1_186' title='bbox 481 2557 537 2641; x_wconf 91' lang='lat' dir='ltr'>qui</span> <span class='ocrx_word' id='word_1_187' title='bbox 557 2557 624 2620; x_wconf 93' lang='lat' dir='ltr'>iam</span> <span class='ocrx_word' id='word_1_188' title='bbox 643 2565 715 2620; x_wconf 90' lang='lat' dir='ltr'>ante</span> <span class='ocrx_word' id='word_1_189' title='bbox 733 2558 834 2620; x_wconf 88' lang='lat' dir='ltr'>missu</span> <span class='ocrx_word' id='word_1_190' title='bbox 852 2554 1001 2620; x_wconf 79' lang='lat' dir='ltr'>Caesaris</span> <span class='ocrx_word' id='word_1_191' title='bbox 1024 2552 1066 2618; x_wconf 92' lang='lat' dir='ltr'>ad</span> <span class='ocrx_word' id='word_1_192' title='bbox 1082 2551 1308 2699; x_wconf 57' lang='lat' dir='ltr'>Ambiorigem</span> 
     </span>
     <span class='ocr_line' id='line_1_26' title="bbox 141 2637 1307 2727; baseline -0.003 -25"><span class='ocrx_word' id='word_1_193' title='bbox 141 2641 297 2705; x_wconf 86' lang='lat' dir='ltr'>uentitare</span> <span class='ocrx_word' id='word_1_194' title='bbox 328 2650 517 2725; x_wconf 72' lang='lat' dir='ltr'>consuerat,</span> <span class='ocrx_word' id='word_1_195' title='bbox 551 2640 640 2726; x_wconf 90' lang='lat' dir='ltr'>apud</span> <span class='ocrx_word' id='word_1_196' title='bbox 671 2663 751 2727; x_wconf 91' lang='lat' dir='ltr'>quos</span> <span class='ocrx_word' id='word_1_197' title='bbox 781 2640 957 2706; x_wconf 87' lang='lat' dir='ltr'>Ambiorix</span> <span class='ocrx_word' id='word_1_198' title='bbox 987 2638 1029 2704; x_wconf 91' lang='lat' dir='ltr'>ad</span> <span class='ocrx_word' id='word_1_199' title='bbox 1060 2637 1145 2702; x_wconf 87' lang='lat' dir='ltr'>huno</span> <span class='ocrx_word' id='word_1_200' title='bbox 1174 2658 1227 2699; x_wconf 91' lang='lat' dir='ltr'>mo</span> <span class='ocrx_word' id='word_1_201' title='bbox 1252 2658 1307 2698; x_wconf 92' lang='lat' dir='ltr'>um</span> 
     </span>
     <span class='ocr_line' id='line_1_27' title="bbox 117 2721 1337 2812; baseline 0 -26"><span class='ocrx_word' id='word_1_202' title='bbox 117 2723 263 2790; x_wconf 79' lang='lat' dir='ltr'>tlocutus</span> <span class='ocrx_word' id='word_1_203' title='bbox 297 2735 362 2789; x_wconf 86' lang='lat' dir='ltr'>est:</span> <span class='ocrx_word' id='word_1_204' title='bbox 393 2725 470 2791; x_wconf 84' lang='lat' dir='ltr'>Sese</span> <span class='ocrx_word' id='word_1_205' title='bbox 495 2749 556 2812; x_wconf 93' lang='lat' dir='ltr'>pro</span> <span class='ocrx_word' id='word_1_206' title='bbox 585 2724 734 2791; x_wconf 74' lang='lat' dir='ltr'>Caesaris</span> <span class='ocrx_word' id='word_1_207' title='bbox 760 2728 793 2790; x_wconf 91' lang='lat' dir='ltr'>in</span> <span class='ocrx_word' id='word_1_208' title='bbox 820 2748 854 2790; x_wconf 91' lang='lat' dir='ltr'>se</span> <span class='ocrx_word' id='word_1_209' title='bbox 884 2724 1049 2791; x_wconf 88' lang='lat' dir='ltr'>beneficiis</span> <span class='ocrx_word' id='word_1_210' title='bbox 1073 2722 1249 2808; x_wconf 88' lang='lat' dir='ltr'>plurimum</span> <span class='ocrx_word' id='word_1_211' title='bbox 1279 2721 1337 2804; x_wconf 72' lang='lat' dir='ltr'>eia</span> 
     </span>
     <span class='ocr_line' id='line_1_28' title="bbox 142 2803 1308 2897; baseline -0.005 -24"><span class='ocrx_word' id='word_1_212' title='bbox 142 2811 282 2876; x_wconf 89' lang='lat' dir='ltr'>confiteri</span> <span class='ocrx_word' id='word_1_213' title='bbox 301 2811 428 2894; x_wconf 90' lang='lat' dir='ltr'>debere,</span> <span class='ocrx_word' id='word_1_214' title='bbox 451 2810 540 2897; x_wconf 91' lang='lat' dir='ltr'>quod</span> <span class='ocrx_word' id='word_1_215' title='bbox 557 2813 624 2876; x_wconf 91' lang='lat' dir='ltr'>eius</span> <span class='ocrx_word' id='word_1_216' title='bbox 641 2834 741 2897; x_wconf 88' lang='lat' dir='ltr'>opera</span> <span class='ocrx_word' id='word_1_217' title='bbox 758 2811 916 2897; x_wconf 90' lang='lat' dir='ltr'>stipendio</span> <span class='ocrx_word' id='word_1_218' title='bbox 935 2810 1091 2876; x_wconf 90' lang='lat' dir='ltr'>liberatus</span> <span class='ocrx_word' id='word_1_219' title='bbox 1106 2817 1198 2888; x_wconf 81' lang='lat' dir='ltr'>esset,</span> <span class='ocrx_word' id='word_1_220' title='bbox 1220 2803 1308 2891; x_wconf 91' lang='lat' dir='ltr'>quod</span> 
     </span>
     <span class='ocr_line' id='line_1_29' title="bbox 141 2892 1308 2983; baseline -0.003 -24"><span class='ocrx_word' id='word_1_221' title='bbox 141 2894 332 2978; x_wconf 86' lang='lat' dir='ltr'>Aduatucis,</span> <span class='ocrx_word' id='word_1_222' title='bbox 361 2897 516 2962; x_wconf 90' lang='lat' dir='ltr'>finitumis</span> <span class='ocrx_word' id='word_1_223' title='bbox 540 2899 618 2978; x_wconf 90' lang='lat' dir='ltr'>suis,</span> <span class='ocrx_word' id='word_1_224' title='bbox 647 2896 789 2983; x_wconf 90' lang='lat' dir='ltr'>pendere</span> <span class='ocrx_word' id='word_1_225' title='bbox 815 2905 1010 2976; x_wconf 89' lang='lat' dir='ltr'>consuesset,</span> <span class='ocrx_word' id='word_1_226' title='bbox 1042 2893 1193 2980; x_wconf 90' lang='lat' dir='ltr'>quodque</span> <span class='ocrx_word' id='word_1_227' title='bbox 1220 2892 1250 2955; x_wconf 91' lang='lat' dir='ltr'>ei</span> <span class='ocrx_word' id='word_1_228' title='bbox 1277 2899 1308 2955; x_wconf 89' lang='lat' dir='ltr'>et</span> 
     </span>
     <span class='ocr_line' id='line_1_30' title="bbox 142 2977 1309 3064; baseline -0.006 -19"><span class='ocrx_word' id='word_1_229' title='bbox 142 2979 221 3046; x_wconf 88' lang='lat' dir='ltr'>filius</span> <span class='ocrx_word' id='word_1_230' title='bbox 244 2991 276 3048; x_wconf 89' lang='lat' dir='ltr'>et</span> <span class='ocrx_word' id='word_1_231' title='bbox 294 2981 404 3046; x_wconf 88' lang='lat' dir='ltr'>fratris</span> <span class='ocrx_word' id='word_1_232' title='bbox 426 2982 511 3046; x_wconf 89' lang='lat' dir='ltr'>filius</span> <span class='ocrx_word' id='word_1_233' title='bbox 534 2983 576 3047; x_wconf 91' lang='lat' dir='ltr'>ab</span> <span class='ocrx_word' id='word_1_234' title='bbox 599 2982 738 3047; x_wconf 81' lang='lat' dir='ltr'>Caesare</span> <span class='ocrx_word' id='word_1_235' title='bbox 759 2983 884 3047; x_wconf 91' lang='lat' dir='ltr'>remissi</span> <span class='ocrx_word' id='word_1_236' title='bbox 906 2990 1019 3062; x_wconf 83' lang='lat' dir='ltr'>essent,</span> <span class='ocrx_word' id='word_1_237' title='bbox 1042 3001 1121 3064; x_wconf 93' lang='lat' dir='ltr'>quos</span> <span class='ocrx_word' id='word_1_238' title='bbox 1143 2977 1309 3041; x_wconf 86' lang='lat' dir='ltr'>Aduatuci</span> 
     </span>
    </p>
   </div>
   <div class='ocr_carea' id='block_1_3' title="bbox 141 3093 342 3108">
    <p class='ocr_par' dir='ltr' id='par_1_3' title="bbox 141 3093 342 3108">
     <span class='ocr_line' id='line_1_31' title="bbox 141 3093 342 3108; baseline -0.015 -1"><span class='ocrx_word' id='word_1_239' title='bbox 141 3093 342 3108; x_wconf 49' lang='lat' dir='ltr'>*d-</span> 
     </span>
    </p>
   </div>
   <div class='ocr_carea' id='block_1_4' title="bbox 142 3164 1308 3240">
    <p class='ocr_par' dir='ltr' id='par_1_4' title="bbox 142 3164 1308 3240">
     <span class='ocr_line' id='line_1_32' title="bbox 142 3164 1308 3240; baseline -0.009 -14"><span class='ocrx_word' id='word_1_240' title='bbox 142 3171 165 3225; x_wconf 86' lang='lat'>9.</span> <span class='ocrx_word' id='word_1_241' title='bbox 180 3171 297 3240; x_wconf 76' lang='lat' dir='ltr'>legione]</span> <span class='ocrx_word' id='word_1_242' title='bbox 316 3170 446 3240; x_wconf 83' lang='lat' dir='ltr'>religione</span> <span class='ocrx_word' id='word_1_243' title='bbox 464 3170 490 3225; x_wconf 98' lang='lat' dir='ltr'><strong><em>A</em></strong></span> <span class='ocrx_word' id='word_1_244' title='bbox 525 3170 565 3224; x_wconf 91' lang='lat'>10.</span> <span class='ocrx_word' id='word_1_245' title='bbox 581 3171 740 3238; x_wconf 59' lang='lat' dir='ltr'>rennueret</span> <span class='ocrx_word' id='word_1_246' title='bbox 757 3189 775 3221; x_wconf 84' lang='grc' dir='ltr'><em>α</em></span> <span class='ocrx_word' id='word_1_247' title='bbox 788 3168 943 3237; x_wconf 85' lang='lat' dir='ltr'>cognouerit</span> <span class='ocrx_word' id='word_1_248' title='bbox 961 3175 979 3236; x_wconf 79' lang='grc' dir='ltr'>β</span> <span class='ocrx_word' id='word_1_249' title='bbox 1014 3166 1054 3221; x_wconf 78' lang='grc'>12.</span> <span class='ocrx_word' id='word_1_250' title='bbox 1072 3164 1172 3234; x_wconf 81' lang='lat' dir='ltr'>legatis</span> <span class='ocrx_word' id='word_1_251' title='bbox 1186 3165 1308 3233; x_wconf 73' lang='lat' dir='ltr'>quaesto·</span> 
     </span>
    </p>
   </div>
   <div class='ocr_carea' id='block_1_5' title="bbox 142 3265 1308 3460">
    <p class='ocr_par' dir='ltr' id='par_1_5' title="bbox 142 3265 1308 3460">
     <span class='ocr_line' id='line_1_33' title="bbox 142 3265 1308 3378; baseline -0.006 -17"><span class='ocrx_word' id='word_1_252' title='bbox 142 3307 272 3378; x_wconf 66' lang='lat' dir='ltr'>sunaus]</span> <span class='ocrx_word' id='word_1_253' title='bbox 288 3308 339 3362; x_wconf 78' lang='lat' dir='ltr'>aa.</span> <span class='ocrx_word' id='word_1_254' title='bbox 356 3307 494 3362; x_wconf 64' lang='lat' dir='ltr'>razates</span> <span class='ocrx_word' id='word_1_255' title='bbox 512 3307 553 3362; x_wconf 87' lang='lat'>13.</span> <span class='ocrx_word' id='word_1_256' title='bbox 563 3265 723 3377; x_wconf 61' lang='lat' dir='ltr'>adamae</span> <span class='ocrx_word' id='word_1_257' title='bbox 733 3305 760 3358; x_wconf 83' lang='lat' dir='ltr'><strong><em>A</em></strong></span> <span class='ocrx_word' id='word_1_258' title='bbox 776 3305 835 3360; x_wconf 71' lang='lat' dir='ltr'>roos</span> <span class='ocrx_word' id='word_1_259' title='bbox 852 3265 935 3374; x_wconf 78' lang='lat' dir='ltr'>quie</span> <span class='ocrx_word' id='word_1_260' title='bbox 951 3301 1082 3371; x_wconf 71' lang='lat' dir='ltr'>nisena]</span> <span class='ocrx_word' id='word_1_261' title='bbox 1097 3301 1146 3356; x_wconf 72' lang='lat' dir='ltr'>aa.</span> <span class='ocrx_word' id='word_1_262' title='bbox 1163 3300 1308 3355; x_wconf 69' lang='lat' dir='ltr'>ranna.</span> 
     </span>
     <span class='ocr_line' id='line_1_34' title="bbox 203 3387 1308 3460; baseline -0.005 -12"><span class='ocrx_word' id='word_1_263' title='bbox 203 3394 303 3450; x_wconf 86' lang='lat' dir='ltr'><strong>XXVI.</strong></span> <span class='ocrx_word' id='word_1_264' title='bbox 322 3393 498 3450; x_wconf 86' lang='lat' dir='ltr'>3.catuuulco</span> <span class='ocrx_word' id='word_1_265' title='bbox 516 3395 589 3458; x_wconf 83' lang='lat' dir='ltr'>(cetu</span> <span class='ocrx_word' id='word_1_266' title='bbox 607 3393 691 3460; x_wconf 83' lang='lat' dir='ltr'>uulgo</span> <span class='ocrx_word' id='word_1_267' title='bbox 707 3390 755 3459; x_wconf 81' lang='lat' dir='ltr'>M)</span> <span class='ocrx_word' id='word_1_268' title='bbox 766 3411 783 3442; x_wconf 83' lang='grc' dir='ltr'><em>α</em></span> <span class='ocrx_word' id='word_1_269' title='bbox 800 3391 927 3458; x_wconf 86' lang='lat' dir='ltr'>patquoo</span> <span class='ocrx_word' id='word_1_270' title='bbox 945 3388 1063 3458; x_wconf 82' lang='lat' dir='ltr'>(petulco</span> <span class='ocrx_word' id='word_1_271' title='bbox 1082 3387 1119 3454; x_wconf 85' lang='lat' dir='ltr'>T)</span> <span class='ocrx_word' id='word_1_272' title='bbox 1138 3395 1155 3457; x_wconf 76' lang='grc' dir='ltr'><em>β</em></span> <span class='ocrx_word' id='word_1_273' title='bbox 1189 3387 1214 3441; x_wconf 87' lang='lat'>4.</span> <span class='ocrx_word' id='word_1_274' title='bbox 1229 3388 1308 3442; x_wconf 74' lang='lat' dir='ltr'>cottae</span> 
     </span>
    </p>
   </div>
   <div class='ocr_carea' id='block_1_6' title="bbox 143 3483 1310 3940">
    <p class='ocr_par' dir='ltr' id='par_1_6' title="bbox 143 3483 1310 3940">
     <span class='ocr_line' id='line_1_35' title="bbox 1154 3483 1165 3514; baseline 0 0"><span class='ocrx_word' id='word_1_275' title='bbox 1154 3483 1165 3514; x_wconf 72' lang='lat' dir='ltr'>S</span> 
     </span>
     <span class='ocr_line' id='line_1_36' title="bbox 143 3523 1307 3601; baseline -0.009 -13"><span class='ocrx_word' id='word_1_276' title='bbox 143 3549 203 3601; x_wconf 80' lang='lat' dir='ltr'>quas</span> <span class='ocrx_word' id='word_1_277' title='bbox 221 3533 248 3586; x_wconf 83' lang='lat' dir='ltr'><strong><em>A</em></strong></span> <span class='ocrx_word' id='word_1_278' title='bbox 294 3531 319 3586; x_wconf 87' lang='lat'>5.</span> <span class='ocrx_word' id='word_1_279' title='bbox 337 3530 441 3586; x_wconf 87' lang='lat' dir='ltr'>indutio</span> <span class='ocrx_word' id='word_1_280' title='bbox 459 3530 528 3584; x_wconf 83' lang='lat' dir='ltr'>mari</span> <span class='ocrx_word' id='word_1_281' title='bbox 545 3529 573 3583; x_wconf 93' lang='lat' dir='ltr'><em>B</em></span> <span class='ocrx_word' id='word_1_282' title='bbox 590 3527 765 3582; x_wconf 83' lang='lat' dir='ltr'>induciomari</span> <span class='ocrx_word' id='word_1_283' title='bbox 782 3526 817 3580; x_wconf 70' lang='lat' dir='ltr'>A*</span> <span class='ocrx_word' id='word_1_284' title='bbox 861 3527 885 3582; x_wconf 87' lang='grc'>6.</span> <span class='ocrx_word' id='word_1_285' title='bbox 903 3524 1052 3594; x_wconf 80' lang='lat' dir='ltr'>oppreessis</span> <span class='ocrx_word' id='word_1_286' title='bbox 1070 3525 1097 3578; x_wconf 89' lang='lat' dir='ltr'><strong><em>A</em></strong></span> <span class='ocrx_word' id='word_1_287' title='bbox 1119 3524 1199 3594; x_wconf 79' lang='lat' dir='ltr'>apsis</span> <span class='ocrx_word' id='word_1_288' title='bbox 1216 3523 1254 3578; x_wconf 86' lang='lat' dir='ltr'><strong><em>M</em></strong></span> <span class='ocrx_word' id='word_1_289' title='bbox 1285 3526 1307 3579; x_wconf 76' lang='lat'>7.</span> 
     </span>
     <span class='ocr_line' id='line_1_37' title="bbox 145 3608 1307 3688; baseline -0.006 -18"><span class='ocrx_word' id='word_1_290' title='bbox 145 3621 325 3688; x_wconf 85' lang='lat' dir='ltr'>oppugnatum</span> <span class='ocrx_word' id='word_1_291' title='bbox 345 3637 362 3669; x_wconf 87' lang='grc' dir='ltr'><em>α</em></span> <span class='ocrx_word' id='word_1_292' title='bbox 380 3614 592 3686; x_wconf 63' lang='lat' dir='ltr'>oppugnandae</span> <span class='ocrx_word' id='word_1_293' title='bbox 627 3614 652 3670; x_wconf 87' lang='lat'>8.</span> <span class='ocrx_word' id='word_1_294' title='bbox 671 3628 724 3668; x_wconf 85' lang='lat' dir='ltr'>una</span> <span class='ocrx_word' id='word_1_295' title='bbox 742 3629 773 3666; x_wconf 82' lang='lat' dir='ltr'>er</span> <span class='ocrx_word' id='word_1_296' title='bbox 789 3610 879 3680; x_wconf 85' lang='lat' dir='ltr'>parte]</span> <span class='ocrx_word' id='word_1_297' title='bbox 899 3610 1045 3664; x_wconf 82' lang='lat' dir='ltr'>decumana</span> <span class='ocrx_word' id='word_1_298' title='bbox 1062 3611 1139 3678; x_wconf 80' lang='lat' dir='ltr'>porte</span> <span class='ocrx_word' id='word_1_299' title='bbox 1157 3608 1232 3664; x_wconf 82' lang='lat' dir='ltr'>Pnal</span> <span class='ocrx_word' id='word_1_300' title='bbox 1283 3610 1307 3663; x_wconf 88' lang='lat'>9.</span> 
     </span>
     <span class='ocr_line' id='line_1_38' title="bbox 145 3693 1310 3773; baseline -0.008 -16"><span class='ocrx_word' id='word_1_301' title='bbox 145 3703 274 3773; x_wconf 82' lang='lat' dir='ltr'>equaestri</span> <span class='ocrx_word' id='word_1_302' title='bbox 292 3702 319 3756; x_wconf 90' lang='lat' dir='ltr'><strong><em>A</em></strong></span> <span class='ocrx_word' id='word_1_303' title='bbox 354 3703 395 3758; x_wconf 92' lang='grc'>10.</span> <span class='ocrx_word' id='word_1_304' title='bbox 406 3717 467 3754; x_wconf 86' lang='lat' dir='ltr'>suos</span> <span class='ocrx_word' id='word_1_305' title='bbox 484 3700 517 3755; x_wconf 84' lang='lat' dir='ltr'>ab</span> <span class='ocrx_word' id='word_1_306' title='bbox 536 3699 732 3770; x_wconf 82' lang='lat' dir='ltr'>oppugnatione</span> <span class='ocrx_word' id='word_1_307' title='bbox 751 3696 793 3764; x_wconf 82' lang='lat' dir='ltr'>(ad</span> <span class='ocrx_word' id='word_1_308' title='bbox 804 3693 1001 3765; x_wconf 74' lang='lat' dir='ltr'>oppugnaciont</span> <span class='ocrx_word' id='word_1_309' title='bbox 1019 3693 1067 3762; x_wconf 87' lang='lat' dir='ltr'>M)</span> <span class='ocrx_word' id='word_1_310' title='bbox 1087 3714 1104 3746; x_wconf 87' lang='grc' dir='ltr'><strong><em>α</em></strong></span> <span class='ocrx_word' id='word_1_311' title='bbox 1121 3693 1155 3748; x_wconf 79' lang='lat' dir='ltr'>ab</span> <span class='ocrx_word' id='word_1_312' title='bbox 1173 3710 1310 3762; x_wconf 80' lang='lat' dir='ltr'>oppugna-</span> 
     </span>
     <span class='ocr_line' id='line_1_39' title="bbox 143 3779 1040 3857; baseline -0.009 -16"><span class='ocrx_word' id='word_1_313' title='bbox 143 3788 210 3844; x_wconf 87' lang='lat' dir='ltr'>tione</span> <span class='ocrx_word' id='word_1_314' title='bbox 227 3795 327 3857; x_wconf 74' lang='grc' dir='ltr'><em>ευσεβ</em></span> <span class='ocrx_word' id='word_1_315' title='bbox 362 3789 405 3844; x_wconf 91' lang='grc'>11.</span> <span class='ocrx_word' id='word_1_316' title='bbox 422 3788 464 3841; x_wconf 89' lang='lat' dir='ltr'>uti</span> <span class='ocrx_word' id='word_1_317' title='bbox 483 3805 500 3837; x_wconf 83' lang='grc' dir='ltr'><strong><em>α</em></strong></span> <span class='ocrx_word' id='word_1_318' title='bbox 518 3787 586 3854; x_wconf 61' lang='lat' dir='ltr'>uta</span> <span class='ocrx_word' id='word_1_319' title='bbox 621 3786 661 3839; x_wconf 77' lang='lat'>12.</span> <span class='ocrx_word' id='word_1_320' title='bbox 679 3786 808 3853; x_wconf 69' lang='lat' dir='ltr'>quaelque</span> <span class='ocrx_word' id='word_1_321' title='bbox 826 3781 872 3842; x_wconf 82' lang='lat' dir='ltr'>M)</span> <span class='ocrx_word' id='word_1_322' title='bbox 892 3779 995 3852; x_wconf 76' lang='lat' dir='ltr'>equod</span> <span class='ocrx_word' id='word_1_323' title='bbox 1015 3787 1040 3849; x_wconf 76' lang='grc' dir='ltr'>β.</span> 
     </span>
     <span class='ocr_line' id='line_1_40' title="bbox 206 3863 1309 3940; baseline -0.009 -12"><span class='ocrx_word' id='word_1_324' title='bbox 206 3874 318 3930; x_wconf 85' lang='lat' dir='ltr'>XXVII.</span> <span class='ocrx_word' id='word_1_325' title='bbox 338 3873 362 3928; x_wconf 91' lang='lat'>1.</span> <span class='ocrx_word' id='word_1_326' title='bbox 380 3871 553 3940; x_wconf 85' lang='lat' dir='ltr'>conloquendi</span> <span class='ocrx_word' id='word_1_327' title='bbox 570 3869 748 3939; x_wconf 85' lang='lat' dir='ltr'>(conloquenti</span> <span class='ocrx_word' id='word_1_328' title='bbox 766 3867 821 3935; x_wconf 81' lang='lat' dir='ltr'>M1)</span> <span class='ocrx_word' id='word_1_329' title='bbox 841 3882 920 3921; x_wconf 75' lang='lat' dir='ltr'>causa</span> <span class='ocrx_word' id='word_1_330' title='bbox 938 3885 964 3931; x_wconf 88' lang='grc' dir='ltr'>α,</span> <span class='ocrx_word' id='word_1_331' title='bbox 983 3881 1033 3920; x_wconf 73' lang='lat' dir='ltr'>ora.</span> <span class='ocrx_word' id='word_1_332' title='bbox 1052 3872 1070 3934; x_wconf 75' lang='grc' dir='ltr'><strong><em>β</em></strong></span> <span class='ocrx_word' id='word_1_333' title='bbox 1105 3863 1182 3933; x_wconf 78' lang='lat' dir='ltr'>gaius</span> <span class='ocrx_word' id='word_1_334' title='bbox 1200 3883 1218 3914; x_wconf 86' lang='lat' dir='ltr'>a</span> <span class='ocrx_word' id='word_1_335' title='bbox 1236 3863 1309 3933; x_wconf 58' lang='lat' dir='ltr'>5).ss</span> 
     </span>
    </p>
   </div>
   <div class='ocr_carea' id='block_1_7' title="bbox 141 3968 1309 4156">
    <p class='ocr_par' dir='ltr' id='par_1_7' title="bbox 141 3968 1309 4156">
     <span class='ocr_line' id='line_1_41' title="bbox 143 3968 1309 4080; baseline -0.005 -18"><span class='ocrx_word' id='word_1_336' title='bbox 143 4012 288 4080; x_wconf 80' lang='lat' dir='ltr'>carpineins</span> <span class='ocrx_word' id='word_1_337' title='bbox 306 3968 504 4079; x_wconf 54' lang='lat' dir='ltr'>(carpineimM)</span> <span class='ocrx_word' id='word_1_338' title='bbox 523 4026 541 4059; x_wconf 89' lang='grc' dir='ltr'><em>α</em></span> <span class='ocrx_word' id='word_1_339' title='bbox 558 4005 676 4072; x_wconf 80' lang='lat' dir='ltr'>erpinins</span> <span class='ocrx_word' id='word_1_340' title='bbox 700 4004 770 4069; x_wconf 78' lang='lat' dir='ltr'>leth:</span> <span class='ocrx_word' id='word_1_341' title='bbox 794 4005 869 4072; x_wconf 82' lang='lat' dir='ltr'>Tpr.)</span> <span class='ocrx_word' id='word_1_342' title='bbox 887 4010 906 4071; x_wconf 79' lang='grc' dir='ltr'><em>β</em></span> <span class='ocrx_word' id='word_1_343' title='bbox 953 4003 978 4058; x_wconf 79' lang='grc'>2.</span> <span class='ocrx_word' id='word_1_344' title='bbox 996 4001 1102 4070; x_wconf 81' lang='lat' dir='ltr'>Quinti]</span> <span class='ocrx_word' id='word_1_345' title='bbox 1118 3985 1264 4070; x_wconf 74' lang='lat' dir='ltr'>qninqiteti</span> <span class='ocrx_word' id='word_1_346' title='bbox 1281 4000 1309 4055; x_wconf 94' lang='lat' dir='ltr'><em>B</em></span> 
     </span>
     <span class='ocr_line' id='line_1_42' title="bbox 141 4086 1307 4156; baseline -0.009 -5"><span class='ocrx_word' id='word_1_347' title='bbox 141 4095 166 4150; x_wconf 81' lang='grc'>3.</span> <span class='ocrx_word' id='word_1_348' title='bbox 181 4097 256 4151; x_wconf 83' lang='lat' dir='ltr'>missi</span> <span class='ocrx_word' id='word_1_349' title='bbox 273 4097 302 4151; x_wconf 87' lang='lat' dir='ltr'><strong><em>A</em></strong></span> <span class='ocrx_word' id='word_1_350' title='bbox 340 4094 523 4150; x_wconf 70' lang='lat' dir='ltr'>Accesserat</span> <span class='ocrx_word' id='word_1_351' title='bbox 540 4090 604 4147; x_wconf 81' lang='lat' dir='ltr'>A⁴B</span> <span class='ocrx_word' id='word_1_352' title='bbox 621 4093 779 4146; x_wconf 85' lang='lat' dir='ltr'>consuerunt</span> <span class='ocrx_word' id='word_1_353' title='bbox 798 4090 826 4145; x_wconf 84' lang='lat' dir='ltr'><em>R</em></span> <span class='ocrx_word' id='word_1_354' title='bbox 843 4090 1070 4156; x_wconf 68' lang='lat' dir='ltr'>consueuerantss</span> <span class='ocrx_word' id='word_1_355' title='bbox 1104 4086 1139 4142; x_wconf 85' lang='lat' dir='ltr'>ad</span> <span class='ocrx_word' id='word_1_356' title='bbox 1158 4108 1175 4140; x_wconf 87' lang='grc' dir='ltr'><strong><em>α</em></strong></span> <span class='ocrx_word' id='word_1_357' title='bbox 1193 4089 1258 4156; x_wconf 62' lang='lat' dir='ltr'>inp</span> <span class='ocrx_word' id='word_1_358' title='bbox 1284 4089 1307 4143; x_wconf 80' lang='lat'>5.</span> 
     </span>
    </p>
   </div>
   <div class='ocr_carea' id='block_1_8' title="bbox 143 4193 1309 4390">
    <p class='ocr_par' dir='ltr' id='par_1_8' title="bbox 143 4193 1309 4390">
     <span class='ocr_line' id='line_1_43' title="bbox 143 4193 1309 4292; baseline -0.009 -8"><span class='ocrx_word' id='word_1_359' title='bbox 143 4193 219 4287; x_wconf 64' lang='lat' dir='ltr'>inssB</span> <span class='ocrx_word' id='word_1_360' title='bbox 252 4235 276 4289; x_wconf 80' lang='grc'>7,</span> <span class='ocrx_word' id='word_1_361' title='bbox 295 4230 435 4286; x_wconf 82' lang='lat' dir='ltr'>aduatucis</span> <span class='ocrx_word' id='word_1_362' title='bbox 452 4227 507 4284; x_wconf 86' lang='lat' dir='ltr'>AB</span> <span class='ocrx_word' id='word_1_363' title='bbox 524 4226 645 4282; x_wconf 79' lang='lat' dir='ltr'>arataeis</span> <span class='ocrx_word' id='word_1_364' title='bbox 662 4226 699 4281; x_wconf 90' lang='lat' dir='ltr'><strong><em>M</em></strong></span> <span class='ocrx_word' id='word_1_365' title='bbox 729 4227 860 4281; x_wconf 85' lang='lat' dir='ltr'>finitumis</span> <span class='ocrx_word' id='word_1_366' title='bbox 878 4225 941 4279; x_wconf 81' lang='lat' dir='ltr'>A‘B</span> <span class='ocrx_word' id='word_1_367' title='bbox 975 4228 1002 4280; x_wconf 87' lang='lat' dir='ltr'>et</span> <span class='ocrx_word' id='word_1_368' title='bbox 1022 4243 1048 4290; x_wconf 85' lang='grc' dir='ltr'>α,</span> <span class='ocrx_word' id='word_1_369' title='bbox 1065 4231 1152 4292; x_wconf 52' lang='lat' dir='ltr'>emp</span> <span class='ocrx_word' id='word_1_370' title='bbox 1194 4225 1219 4278; x_wconf 91' lang='lat'>8.</span> <span class='ocrx_word' id='word_1_371' title='bbox 1237 4223 1272 4278; x_wconf 87' lang='lat' dir='ltr'>ab</span> <span class='ocrx_word' id='word_1_372' title='bbox 1291 4242 1309 4274; x_wconf 84' lang='lat' dir='ltr'>a</span> 
     </span>
     <span class='ocr_line' id='line_1_44' title="bbox 144 4313 596 4390; baseline -0.02 -15"><span class='ocrx_word' id='word_1_373' title='bbox 144 4329 193 4390; x_wconf 67' lang='lat' dir='ltr'>ap</span> <span class='ocrx_word' id='word_1_374' title='bbox 226 4318 331 4375; x_wconf 84' lang='lat' dir='ltr'>remissi</span> <span class='ocrx_word' id='word_1_375' title='bbox 346 4315 408 4371; x_wconf 88' lang='grc' dir='ltr'>ΜΒ</span> <span class='ocrx_word' id='word_1_376' title='bbox 424 4313 596 4387; x_wconf 69' lang='lat' dir='ltr'>missi‘ARss.</span> 
     </span>
    </p>
   </div>
   <div class='ocr_carea' id='block_1_9' title="bbox 0 0 1587 5068">
    <p class='ocr_par' dir='ltr' id='par_1_9' title="bbox 0 0 1587 5068">
     <span class='ocr_line' id='line_1_45' title="bbox 0 0 1587 5068; baseline 0 0"><span class='ocrx_word' id='word_1_377' title='bbox 0 0 1587 5068; x_wconf 95' lang='lat' dir='ltr'> </span> 
     </span>
    </p>
   </div>
  </div>
 </body>
</html>
